2176 3554
937 299 1228 342 „52—

389 426 425 451 v.
458 409 653 451 27—38:
685 404 750 451 ὅτι
781 404 923 462 ὁμιλία
954 405 1130 461 ἀγαὲῖῶν
1163 404 1344 463 ἄσκησίς
1375 405 1488 449 ἐστιν
1519 405 1690 463 ἀρετῆς.

458 480 654 523 39—60:
685 475 751 522 ὅτι
781 477 905 521 κακοὶ
937 475 1144 540 &afflige-52
1177 476 1335 528 πόλεις.
1369 475 1445 519 οὐκ
1475 475 1648 531 ἀγαῧοί.

457 551 683 594 61-128:
717 549 807 606 περὶ
841 549 1019 598 πίστεως
1050 547 1122 591 καὶ
1156 549 1310 604 φιλίας.

386 623 582 680 Apparet
614 621 690 663 hos
721 636 870 663 versus
904 622 1018 661 inter
1051 635 1095 661 se
1129 619 1376 671 cohaerere,
1403 617 1518 674 quod
1546 619 1705 661 attinet
1731 618 1787 660 ad
1809 633 1902 660 sen-

268 696 447 737 tentiam
494 692 797 750 principalem.
851 691 1012 734 Omnia
1059 696 1320 747 argumenta
1363 689 1432 731 his
1474 688 1676 731 versibus
1718 694 1904 732 tractata

268 766 373 808 talia
404 770 514 818 sunt,
547 763 693 820 qualia
725 779 750 805 a
781 762 965 806 Stobaeo
1000 763 1190 804 citantur
1224 763 1268 803 in
1307 760 1450 803 Photii
1488 759 1594 802 bibl.
1632 774 1673 816 p.
1708 760 1815 802 113³
1847 760 1904 802 34

267 836 490 890 (Bekker),
524 835 576 877 cf.
611 842 664 877 et.
696 834 829 876 Mein.
862 833 977 875 Stob.
1010 833 1030 875 Ι
1062 849 1159 890 pag.
1192 834 1250 875 24
1281 847 1340 889 sq.
1373 831 1449 874 ubi
1493 830 1547 873 de
1588 830 1739 873 eodem
1779 837 1904 887 argu-

268 915 412 950 mento
434 906 550 949 tituli
576 908 694 948 citati
720 921 869 947 omnes
892 906 1022 947 etiam
1046 905 1101 947 ad
1123 903 1438 961 Theognideae
1461 902 1731 945 collectionis
1752 918 1904 945 versus

269 978 493 1035 quadrant.

387 1065 425 1091 v.
463 1048 713 1091 129—172:
747 1047 838 1104 περὶ
871 1047 1003 1103 τύχης
1035 1046 1108 1090 καὶ
1140 1049 1249 1091 ‘ivadv
1282 1046 1487 1103 προνοίας.

271 1123 341 1177 (cf.
363 1120 484 1163 Phot.
506 1120 613 1162 bibl.
638 1119 761 1174 112³,
784 1118 840 1160 32
863 1134 951 1176 sqq.
973 1119 1107 1161 Mein.
1129 1118 1156 1160 l.
1179 1119 1204 1161 l.
1227 1133 1266 1175 p.
1289 1119 1357 1172 31,
1384 1119 1435 1160 18
1457 1132 1545 1174 sqq.
1570 1124 1612 1159 et
1634 1118 1702 1177 34,
1726 1118 1803 1158 9-
1818 1118 1904 1171 10).

387 1191 598 1235 Versibus
629 1191 792 1233 129-1
804 1191 861 1233 30
885 1191 1052 1247 primae
1076 1189 1330 1233 tribuuntur
1358 1189 1620 1244 fortunae,
1648 1187 1907 1245 posthaben—

269 1272 339 1308 tur
371 1266 509 1306 virtus
543 1270 584 1305 et
617 1263 818 1316 divitiae,
858 1277 967 1319 quae
1007 1269 1153 1303 tamen
1192 1262 1412 1303 sententia
1445 1260 1727 1315 redarguitur
1759 1260 1904 1302 statim

269 1335 552 1393 sequentibus
583 1333 800 1388 versibus,
833 1333 991 1390 quibus
1023 1332 1226 1375 laudatur
1258 1331 1352 1389 δίκη
1377 1332 1515 1387 (132),
1543 1329 1733 1384 εὐσέβεια
1767 1331 1904 1384 (145),

270 1406 508 1464 δικαιοσύνη
532 1406 662 1463 (147),
689 1404 822 1462 ἀρετή
844 1404 978 1460 (150),
1002 1410 1130 1461 atque
1154 1404 1397 1447 identidem
1421 1401 1623 1456 εὐσέβεια,
1639 1417 1737 1448 cum
1760 1403 1907 1445 omnia

270 1480 492 1536 pendeant
523 1493 549 1520 a
581 1477 686 1532 deis,
719 1478 791 1533 qui
826 1476 955 1518 simul
988 1482 1088 1518 sunt
1121 1476 1313 1531 δαίμονες
1347 1482 1389 1517 et
1421 1474 1609 1517 fatum²⁷.

388 1567 427 1593 v.
462 1549 713 1593 173—210:
747 1548 837 1605 περὶ
864 1549 1017 1600 πενίας.
1337 1538 1343 1542 ’

388 1639 428 1665 v.
456 1620 687 1665 193—196
720 1627 793 1664 aut
826 1622 1018 1677 corrupti
1051 1627 1152 1663 sunt
1184 1619 1237 1662 cf.
1271 1619 1444 1661 initium
1478 1634 1517 1660 v.
1553 1617 1648 1671 193,
1681 1616 1795 1674 quod
1831 1615 1905 1658 hic

271 1710 443 1738 sensum
489 1709 575 1753 non
614 1693 812 1750 praebet,
857 1699 930 1735 aut
976 1708 999 1734 e
1037 1693 1234 1748 genuina
1266 1691 1582 1733 sententiarum
1623 1688 1904 1731 cohaerentia

272 1767 445 1824 excepti
479 1772 589 1808 sunt.

388 1854 427 1879 v.
463 1836 692 1880 197—208
727 1837 932 1879 contrarii
968 1835 1152 1893 quodam
1186 1834 1312 1877 modo
1345 1840 1445 1876 sunt
1476 1831 1675 1875 versibus
1710 1831 1793 1874 183
1816 1845 1904 1888 sqq.

269 1909 383 1967 quod
415 1909 689 1965 significatur
722 1909 815 1964 ipsa
846 1906 1063 1964 particula
1095 1904 1145 1958 δὲ
1176 1905 1234 1962 (v.
1270 1905 1384 1958 197).

387 1996 426 2022 V.
454 1970 694 2022 ‘209—210
725 1994 811 2022 non
845 1979 942 2033 huc,
975 1978 1052 2020 sed
1084 1978 1227 2034 potius
1256 1977 1312 2019 ad
1340 1982 1470 2033 caput
1497 1973 1602 2032 ,περὶ
1634 1975 1784 2031 φυγῆς(
1809 1987 1902 2030 per·
1959 2008 1964 2013 .

268 2054 410 2095 tinere
442 2052 666 2106 videntur,
700 2053 744 2093 in
778 2066 860 2108 quo
893 2065 964 2092 eos
996 2064 1153 2092 revera.
1184 2048 1414 2090 collocatos
1452 2047 1605 2101 fuisse,
1643 2045 1801 2088 docent
1838 2058 1904 2085 co-

271 2124 402 2177 dices,
435 2138 535 2165 nam
567 2129 662 2180 post
692 2139 732 2164 v.
764 2122 845 2165 331
880 2137 956 2178 sq.,
995 2122 1069 2177 qui
1101 2121 1326 2177 pertinent
1358 2119 1412 2162 ad
1445 2117 1597 2175 φυγήν,
1632 2121 1902 2174 repetuntur.

270 2194 459 2237 Eosdem
491 2210 641 2237 versus
674 2196 719 2236 in
752 2193 981 2250 florilegiis
1012 2192 1092 2235 sub
1124 2193 1259 2235 variis
1291 2191 1431 2234 titulis
1469 2189 1796 2232 commemorari
1829 2201 1899 2243 po-

270 2268 421 2321 tuisse,
452 2265 624 2308 Stobaei
661 2265 981 2308 demonstratur
1014 2263 1232 2320 exemplo,
1273 2264 1347 2320 qui
1385 2262 1491 2304 locis
1523 2258 1819 2317 compluribus
1850 2271 1900 2300 ac

271 2338 456 2380 diversis
489 2337 661 2379 eosdem
694 2338 866 2394 saepius
899 2335 1045 2378 attulit
1076 2350 1239 2379 versus,
1273 2333 1343 2388 (cf.
1375 2349 1415 2376 v,
1440 2333 1522 2375 183
1555 2347 1643 2389 sqq.
1675 2329 1826 2373 allatos
1859 2335 1902 2370 et

271 2409 349 2451 sub
382 2411 445 2451 tit.
478 2408 568 2465 περὶ
600 2408 827 2466 μνηστείας
860 2415 903 2451 et
934 2407 1013 2450 sub
1046 2408 1110 2449 tit.
1142 2405 1233 2463 περὶ
1261 2404 1480 2460 εὐγενείας.
1510 2420 1550 2447 v.
1572 2403 1628 2446 35
1655 2417 1714 2459 sq.
1735 2400 1814 2443 sub
1837 2400 1902 2442 tit.

272 2479 362 2536 περὶ
385 2478 627 2535 φιλοπονίας
651 2487 692 2521 et
715 2478 762 2522 ἐκ
784 2482 856 2522 τοῦ
880 2479 943 2530 τίς
965 2476 984 2522 ὅ
1009 2477 1221 2535 φιλοσόφῳ
1244 2475 1463 2534 προσήκων
1485 2474 1645 2532 πόρος.)

390 2604 463 2636 adn.
476 2605 531 2636 ⁶27.
550 2603 614 2637 Sub
633 2604 732 2637 variis
751 2604 938 2638 nominibus
958 2603 1014 2637 fati
1032 2603 1121 2636 notio
1135 2603 1313 2643 comparet,
1327 2599 1417 2634 velut
1431 2596 1515 2635 Ζεύς
1535 2598 1637 2642 (157),
1653 2594 1783 2638 δαίμων
1799 2594 1903 2638 (166),

274 2656 347 2691 θεοί
364 2658 457 2700 (131)
482 2668 518 2692 ac
543 2668 650 2701 praec.
678 2661 719 2695 ef.
745 2669 773 2693 v.
806 2661 869 2694 169
897 2668 970 2702 sqq.

389 2715 531 2749 Similem
558 2717 814 2750 controversiam
840 2716 994 2750 tractavit
1021 2715 1213 2749 Plutarchus
1241 2714 1274 2747 in
1301 2713 1383 2747 libro
1410 2709 1486 2753 περὶ
1514 2709 1902 2754 τύχης,1111181011;οι·11111

271 2771 371 2804 armis
398 2772 606 2813 impugnatur
632 2773 807 2814 sententia,
836 2781 920 2814 quae
946 2772 979 2805 in
1006 2771 1099 2805 initio
1126 2770 1199 2806 libri
1228 2770 1415 2803 invenitur:

671 2835 778 2880 ,Τύχη
804 2833 847 2869 τὰ
873 2835 1004 2878 θνητῶν
1032 2835 1218 2888 πράγματ’,
1234 2832 1293 2867 οὐκ
1320 2831 1498 2877 εὐβουλίαέ

272 2902 322 2934 cui
361 2903 571 2943 opponuntur
609 2904 730 2936 verba:
772 2900 934 2947 ,Πότερον
975 2898 1056 2935 οὐδὲ
1097 2899 1295 2943 δικαιοσύνη
1335 2896 1379 2933 τὰ
1418 2898 1550 2941 θνητῶν
1586 2896 1787 2939 πράγματα,
1822 2891 1903 2927 οὐδὲ

272 2955 402 3000 ἰσότης,
430 2954 510 2990 οὐδὲ
537 2957 748 3001 σωφροσύνη,
780 2955 860 2991 οὐδὲ
889 2948 1197 3001 κοσμιότης;(Τ11111
1225 2958 1320 2991 affert
1347 2955 1529 2998 exemplum
1558 2953 1708 2987 Aristidis
1733 2959 1838 2993 aeque
1865 2959 1901 2983 ae

272 3014 390 3046 sactum
418 3017 467 3047 est
493 3015 576 3055 apud
605 3015 759 3049 Teletem.
788 3015 1021 3048 Testimonium
1047 3016 1172 3048 certum
1199 3014 1354 3056 superest
1378 3011 1638 3053 Theophrastum
1664 3010 1746 3042 hanc
1770 3008 1809 3041 de
1835 3007 1902 3041 101·-

271 3071 349 3102 tuna
381 3071 576 3103 sententiam
612 3072 789 3112 protulisse
824 3074 857 3105 et
891 3074 1065 3113 propterea
1098 3071 1335 3113 reprehensum
1369 3076 1444 3102 esse
1475 3075 1493 3100 a
1520 3065 1658 3107 reliquis
1685 3063 1900 3107 philosophis,

271 3125 311 3157 cs.
345 3124 406 3159 Cic.
434 3125 528 3160 Tusc.
555 3125 589 3170 V,
617 3129 648 3170 9,
676 3127 730 3160 24.
