2176 3554
989 312 1249 353 -3...

419 413 623 458 Ceterum
657 416 832 459 moralis
870 418 979 459 ratio
1023 419 1070 460 in
1106 419 1227 475 poesi
1264 418 1553 475 Theognidea
1584 426 1752 463 tantum
1782 419 1934 474 valuit,

302 490 347 526 ut
370 484 499 528 facile
527 487 811 544 intellegatur
834 489 954 531 illam
983 489 1294 545 posterioribus
1315 490 1584 546 temporibus
1611 491 1787 533 omnino
1814 505 1936 548 prae-

300 555 488 599 valuisse
532 564 575 599 et
614 560 918 615 permansisse.
961 559 1170 602 Carmina
1210 561 1345 615 enim,
1379 560 1536 617 quibus
1573 567 1700 617 poeta
1737 559 1934 618 Cyrnum

302 626 572 683 adhortatur,
614 636 818 687 tanquam
864 645 1060 673 normam
1102 633 1330 674 continent
1368 631 1577 674 moralem
1620 638 1662 674 et
1699 632 1935 688 politicam,

302 713 387 754 qua
431 700 603 741 iuvenis
649 701 873 755 doceatur,
920 716 1002 758 quo
1045 703 1304 745 commercio
1349 701 1432 744 sibi
1475 702 1689 746 utendum
1736 705 1792 746 sit
1837 718 1934 745 cum

305 768 552 813 hominibus
586 779 628 814 ct
661 772 843 815 civibus.
883 772 994 816 Cum
1027 773 1180 816 morali
1221 780 1364 816 autem
1403 773 1586 816 vivendi
1618 775 1788 816 ratione
1819 773 1936 830 apud

304 839 494 882 Graecos
535 842 715 898 politica
757 854 848 886 arto
887 844 1064 887 vinculo
1104 846 1338 887 coniuncta
1377 859 1468 887 esse
1508 845 1632 900 solet,
1671 860 1722 888 ae
1758 844 1938 902 politica

302 913 394 954 vita
426 914 640 956 artissime
675 915 878 958 cohaeret
910 931 1008 958 cum
1041 916 1233 958 humana
1264 917 1480 958 universa.

423 983 547 1026 Duae
589 984 693 1027 illae
735 991 879 1042 partes
923 988 1053 1029 etiam
1093 986 1208 1043 apud
1250 985 1555 1042 Theognidem
1599 993 1690 1029 arte
1736 988 1852 1029 inter
1894 1001 1939 1028 se

305 1055 562 1097 coniunctae
595 1063 708 1110 sunt,
741 1057 818 1099 sed
851 1059 911 1099 ita
943 1064 990 1099 ut
1022 1057 1183 1114 ubique
1216 1064 1345 1113 poeta
1376 1056 1431 1099 ad
1463 1072 1584 1099 suam
1617 1058 1751 1100 solam
1773 1063 1941 1116 spectet

305 1126 552 1168 factionem.
584 1126 729 1169 Vitam
773 1130 890 1170 enim
931 1128 1141 1171 moralem
1179 1126 1337 1184 ἀγαῧοὶ
1375 1128 1452 1171 soli
1493 1143 1625 1185 agere
1663 1135 1858 1185 possunt,
1899 1134 1942 1170 et

304 1194 462 1251 ἀγαὲῑοὶ
499 1198 615 1254 apud
654 1214 751 1240 eum
791 1206 892 1241 sunt
928 1199 1111 1242 nobiles.
1147 1200 1252 1242 Mox
1289 1206 1434 1242 autem
1465 1198 1645 1256 politica
1677 1199 1940 1255 significatio

308 1267 462 1310 harum
508 1270 733 1311 notionum
781 1269 1119 1326 neglegebatur,
1172 1286 1315 1329 neque
1366 1270 1548 1313 difficile
1595 1276 1688 1312 erat
1733 1269 1940 1313 moralem

306 1354 479 1382 sensum
513 1341 568 1383 ad
601 1356 652 1383 ca
685 1343 880 1383 carmina
910 1342 1161 1397 transferre,
1194 1344 1240 1384 in
1273 1342 1430 1399 quibus
1459 1342 1575 1399 apud
1602 1348 1773 1398 poetam
1801 1343 1940 1398 ipsum

306 1411 589 1467 praevalebat
620 1412 842 1468 politicus,
876 1420 950 1456 aut
971 1413 1049 1456 tali
1077 1414 1428 1470 interpretationi
1457 1428 1508 1456 ea
1529 1413 1748 1470 adaptare,
1770 1411 1941 1470 qualem

308 1483 476 1539 assequi
510 1482 746 1526 studebant
780 1485 840 1537 ei,
873 1486 947 1542 qui
981 1486 1026 1527 in
1056 1501 1180 1527 suum
1209 1500 1333 1527 usum
1363 1486 1456 1528 eius
1484 1484 1755 1527 adhibebant
1781 1499 1944 1526 versus.

427 1555 537 1597 Inde
577 1571 601 1597 a
640 1556 929 1613 sophistarum
967 1556 1237 1614 temporibus
1275 1558 1466 1599 maxime
1504 1557 1687 1598 usitatus
1721 1562 1812 1598 erat
1842 1571 1945 1610 mos,

309 1632 356 1667 ut
389 1627 434 1667 in
468 1626 716 1682 pedestrem
748 1629 988 1670 orationem
1022 1630 1323 1671 insererentur
1353 1619 1506 1671 versus
1533 1634 1772 1685 poetarum.
1810 1627 1946 1670 Cuius

310 1698 441 1738 moris
479 1699 808 1755 antiquissimus
845 1701 968 1742 testis
1007 1706 1070 1742 est
1106 1700 1241 1742 Plato.
1282 1700 1464 1756 Propter
1502 1698 1620 1742 hune
1653 1701 1793 1756 ipsum
1827 1699 1944 1741 enim

310 1783 475 1811 morem
506 1769 629 1812 Plato
665 1770 925 1827 aggreditur
957 1763 1246 1828 sophistas'et
1278 1786 1367 1826 eos,
1401 1772 1476 1828 qui
1508 1771 1590 1813 hac
1622 1772 1669 1813 in
1700 1787 1749 1814 re
1780 1785 1947 1828 preme·

314 1838 419 1881 bant
451 1840 740 1898 sophistarum
773 1843 972 1899 vestigia.
1000 1841 1227 1915 Sophilst‘ae
1263 1844 1393 1898 enim,
1426 1857 1524 1885 cum
1557 1842 1603 1885 id
1634 1844 1826 1884 maxime
1857 1848 1947 1884 stu-

312 1911 485 1966 derent,
536 1919 583 1955 ut
632 1914 781 1971 populi
827 1929 954 1958 aures
1004 1921 1259 1972 mentesque
1305 1921 1548 1972 captarent,
1601 1915 1707 1957 talia
1751 1913 1947 1957 subsidia

312 1983 591 2040 usurpabant,
625 1985 782 2042 quibus
816 1985 860 2028 id
893 2001 1022 2043 quam
1055 1985 1266 2028 facillime
1300 1986 1470 2042 assequi
1503 1993 1688 2042 possent.
1813 2044 1815 2047 y

430 2056 497 2099 Ac
528 2058 659 2100 totius
690 2059 901 2101 scientiae
934 2057 1130 2100 subsidia
1162 2057 1281 2099 illius
1313 2058 1468 2099 aetatis
1507 2058 1569 2099 eis
1605 2064 1775 2114 praesto
1809 2063 1944 2110 erant,

314 2126 597 2170 eruditissimi
643 2136 767 2172 erant
808 2130 926 2172 illius
969 2131 1124 2172 aetatis
1164 2129 1363 2171 homines
1403 2143 1655 2186 summaque
1687 2128 1946 2171 fruebantur

314 2199 570 2242 auctoritate
603 2201 719 2257 apud
757 2200 972 2259 aequales.
1003 2201 1074 2243 Ex
1106 2200 1174 2243 his
1200 2205 1345 2242 autem
1373 2198 1580 2242 subsidiis
1607 2216 1743 2243 unum
1770 2206 1862 2243 erat
1889 2200 1945 2254 id,

315 2274 361 2310 ut
392 2275 540 2324 poetas
572 2277 812 2315 tractarent
844 2287 1078 2330 eorumque
1111 2287 1263 2314 versus
1296 2272 1548 2327 saepissime
1586 2273 1631 2313 in
1665 2287 1788 2314 suum
1821 2286 1943 2313 usum

316 2339 591 2384 adhiberent.
615 2343 780 2396 Quanti
802 2350 1029 2401 poetarum
1051 2345 1458 2400 interpretationem
1481 2344 1764 2398 aestimarint,
1786 2344 1947 2400 optime

318 2413 595 2467 cognoscitur
628 2430 683 2456 ex
714 2415 952 2471 Protagora
983 2415 1085 2457 dial.
1118 2415 1234 2457 3392
1264 2420 1306 2456 et
1336 2414 1470 2470 Hipp.
1500 2414 1605 2455 min.
1637 2414 1781 2457 363b0.

436 2482 561 2536 Quae
599 2486 708 2527 ratio
749 2493 796 2528 ut
838 2487 943 2543 ipsis
980 2485 1110 2528 valde
1151 2485 1357 2542 expedita
1395 2491 1504 2539 erat,
1544 2486 1605 2526 ita
1640 2484 1840 2541 plurimis
1879 2500 1950 2526 au-

319 2554 534 2598 dientium
580 2564 622 2599 et
662 2557 904 2614 legentium
946 2557 1165 2615 placebat,
1189 2548 1276 2614 'qui
1315 2556 1492 2614 quidem
1531 2557 1755 2599 novissent
1791 2563 1949 2614 poetas,

318 2639 423 2681 quos
461 2626 526 2668 illi
570 2628 779 2682 citabant,
819 2636 946 2686 atque
979 2630 1141 2682 onmia,
1177 2643 1287 2686 quae
1320 2627 1408 2670 illis
1441 2627 1781 2670 demonstranda
1815 2634 1950 2682 erant,
1992 2653 1995 2656 ·

319 2696 387 2738 his
430 2704 654 2753 poetarum
702 2701 917 2758 exemplis
968 2702 1143 2743 insertis
1193 2701 1400 2742 maiorem
1446 2699 1638 2755 speciem
1679 2698 1952 2756 praebebant

320 2768 528 2810 veritatis.
571 2770 832 2829 Plerumque
873 2775 990 2815 enim
1029 2771 1275 2815 sufficiebat
1313 2772 1375 2813 eis
1414 2771 1582 2827 species
1625 2770 1702 2812 illa
1741 2770 1950 2822 veritatis,

321 2853 448 2894 saepe
489 2841 591 2881 satis
634 2841 872 2899 habebant,
915 2846 947 2886 si
992 2842 1124 2887 *restitui
1163 2842 1382 2900 quandam
1426 2841 1694 2895 efficiebant,
1735 2855 1863 2898 quam
1904 2846 1952 2882 ut

320 2909 493 2952 facilius
526 2920 877 2968 assequerentur,
911 2916 1096 2958 formosa
1125 2920 1167 2957 et
1188 2915 1464 2957 ornatissima
1489 2913 1683 2956 oratione
1706 2911 1953 2954 utebantur.

320 2979 439 3023 Vera
476 2989 619 3025 autem
663 2986 848 3028 scientia
887 3002 937 3029 ae
974 3002 1122 3029 rerum
1162 2987 1355 3043 cognitio
1393 2984 1578 3028 multum
1620 2999 1748 3041 saepe
1789 2983 1952 3036 aberat,

321 3058 369 3092 ut
399 3051 454 3094 ab
484 3054 546 3095 eis
578 3061 872 3111 appeteretur,
906 3058 1053 3111 immo,
1083 3063 1130 3100 ut
1160 3063 1284 3099 erant
1306 3057 1505 3113 sceptici,
1534 3070 1707 3098 omnem
1728 3053 1953 3109 negabant

322 3123 628 3177 cognitionem.
