2176 3554
929 319 1218 361 -'42..-

258 421 389 466 ἱππων
421 422 634 478 νικώντων,
665 421 719 466 τοὶ
749 421 854 465 δἐπὶ
882 425 970 473 τοῖς
993 425 1164 480 ἓῑνητοῖς
1192 425 1243 467 ἓν
1226 439 1363 480 ρηνοις
1395 426 1558 468 κτλ...
1590 423 1688 475 ἴσως
1721 425 1766 468 δέ
1796 441 1889 469 τινα

257 492 391 536 αὐτῶν
424 509 495 536 και
528 493 734 549 δημοτικοὶ
768 493 917 548 λέγόιτ
938 492 1003 547 α’ν,
1029 493 1429 551 συμβουλεύοντα
1454 494 1527 538 καὶ
1550 499 1890 552 παραινοῦντα

258 567 361 615 τοῖς
395 567 599 615 πολλοῖς
633 564 703 607 καί
737 564 931 619 ἰδιώταις,
963 563 1069 608 καὲ1’
1103 562 1210 621 ἅπερ
1250 561 1364 621 οἶμαι
1399 565 1453 608 τοὶ
1493 567 1784 610 Φωκυλίδεω
1817 567 1890 611 καὶ

256 635 538 691 Θεόγνιδος,
573 635 646 692 ἀφ’
675 628 728 678 ὧν
761 635 803 678 τί
832 632 882 678 οἶν
914 635 1186 693 ὠφεληὲνῆναι
1214 635 1379 680 δύναιτο
1407 635 1512 693 ἀνὴρ
1545 634 1643 693 ἡμῖν
1673 634 1827 693 ὅμοιος.

372 708 584 764 Loquitur
633 708 742 750 haec
789 706 1043 750 Alexandel
1086 708 1293 764 Magnus,
1338 715 1381 750 et
1424 708 1685 762 Homerum,
1732 710 1889 765 pergit,

254 777 391 819 solum
425 793 528 832 0550,
561 779 678 821 1111ἀο
712 779 881 821 discere
915 781 1047 835 possit
1079 778 1180 837 ἀνηρ
1214 779 1443 835 βασιλικός.

374 848 607 892 Simillima
652 852 820 892 ratione
865 857 1224 893 commemoiatui
1259 853 1399 908 poesis
1442 850 1728 906 Theognidea
1774 815 1891 908 apud

256 920 486 962 Isocratem
518 920 574 962 ad
607 920 773 962 Nicocl.
805 921 879 975 43,
913 937 1055 978 neque
1089 921 1257 975 dubito,
1291 923 1396 978 quin
1430 922 1515 964 Dio
1549 921 1772 981 locumfflls
1774 936 1890 968 ocra-

252 998 369 1033 tcum
402 993 447 1033 in
482 999 627 1034 mcntc
668 991 883 1034 habuerit.
922 991 1110 1035 Accedit
1151 993 1265 1050 quod.
1303 986 1618 1050 1111οᾷἶ1”0”10’00
1658 994 1803 1049 agitur
1835 991 1890 1035 de

253 1063 375 1118 regio
408 1064 515 1104 viro:
542 1061 640 1105 Sed
672 1056 848 1105 'diverso‘
885 1059 1011 1106 modo
1052 1064 1341 1120 Theognidea
1378 1067 1520 1122 poesis
1558 1065 1788 1107 iudicatur.
1830 1064 1890 1107 Ut

253 1135 337 1175 iam
360 1148 490 1189 supra
511 1135 714 1189 vidimus,
735 1135 945 1178 Isocrates
966 1138 1118 1192 poesin
1147 1136 1477 1192 Theognideam
1508 1136 1678 1183 Nicocli,
1702 1142 1890 1192 tyranno

253 1205 544 1260 commendat,
577 1207 738 1262 quippe
771 1208 844 1263 qui
878 1206 992 1259 solus
1023 1209 1213 1264 pretium
1245 1207 1374 1250 huius
1406 1223 1583 1264 poeseos
1615 1213 1733 1250 recte
1766 1208 1890 1249 aesti-

253 1291 370 1318 mare
413 1277 557 1332 possit.
601 1275 733 1333 Apud
773 1277 963 1320 Dionem
1013 1280 1278 1320 contrarium
1323 1279 1388 1333 fit,
1433 1285 1647 1336 tyrannus
1687 1277 1890 1334 repudiat

252 1346 554 1403 Theognidem
606 1363 791 1405 eumque
841 1350 984 1405 potius
1030 1350 1120 1400 τοῖς
1167 1351 1340 1401 πολλοῖς
1391 1349 1677 1393 commendat.
1736 1349 1889 1406 Itaque

253 1419 408 1460 Dionis
440 1418 559 1461 locus
590 1427 759 1476 pugnat
791 1420 977 1477 quodam
1010 1421 1135 1463 modo
1170 1428 1320 1464 contra
1350 1421 1586 1463 Isocratem
1620 1427 1665 1463 01
1690 1419 1891 1464 defendit

254 1505 347 1532 cam
380 1491 655 1546 sententiam,
679 1506 806 1549 quam
830 1491 1109 1557 Antisthenis
1132 1493 1265 1535 fuisse
1292 1507 1421 1549 supra
1451 1493 1728 1534 coniecimus.
1762 1491 1887 1545 Quod

253 1561 532 1604 confirmatur
564 1562 649 1604 alio
682 1577 850 1619 quoque
884 1562 977 1614 loco
996 1547 1178 1605 Dionis.
1209 1560 1278 1606 Ι11
1295 1570 1398 1606 orat.
1430 1562 1630 1605 XXXVI
1661 1563 1747 1605 Dio
1769 1562 1886 1620 apud

252 1648 350 1683 τους
382 1633 563 1683 πολλούς
596 1635 638 1686 (1.
673 1649 707 1676 0.
740 1617 1057 1698 Boiystssnitas)
1091 1634 1241 1677 laudat
1272 1635 1422 1691 poesin
1454 1633 1721 1691 Phocylidis,
1749 1633 1886 1676 Theo-

250 1704 440 1759 gnidcae
466 1704 732 1747 simillimam
766 1730 822 1735 —
855 1720 1027 1762 semper
1059 1706 1151 1748 fele
1184 1706 1294 1748 haec
1325 1721 1412 1748 una-
1438 1721 1536 1747 cum
1565 1704 1641 1747 illa
1668 1705 1884 1748 nominali

251 1774 358 1817 solct
389 1775 504 1832 apud
537 1777 736 1832 antiquos
768 1778 1017 1833 scriptores,
1050 1778 1085 1819 si
1118 1777 1264 1834 plures
1296 1778 1489 1833 gnomici
1521 1783 1674 1833 poetae
1707 1792 1886 1819 enume-

250 1852 401 1888 rantur
423 1872 479 1876 —
502 1862 644 1903 ncque
677 1848 870 1902 minoris,
915 1848 1136 1891 interdum
1171 1850 1302 1891 etiam
1334 1847 1472 1905 pluris
1506 1847 1626 1890 illam
1659 1848 1887 1891 aestiman-

250 1917 347 1959 dam
378 1933 469 1959 essc
493 1918 719 1961 contendit
741 1919 975 1961 Homerica
1004 1921 1136 1976 poesi.
1171 1919 1223 1961 cf.
1246 1919 1290 1961 II
1319 1934 1417 1975 pag.
1440 1919 1508 1973 52,
1532 1918 1557 1960 9
1580 1933 1668 1975 sqq.
1692 1918 1884 1973 (Dind.):

248 1985 275 2044 ἦ
310 1988 354 2031 ού
390 1992 503 2032 δοκεῖ
540 2005 603 2033 σοι
638 1989 810 2042 εἰκότως
852 1991 1095 2047 προσδεῖναι
1133 1990 1378 2047 Φωκυλίδης
1421 1992 1475 2046 τῇ
1521 1988 1695 2046 τοιαύτῃ
1742 1989 1885 2046 γνώμῃ

249 2060 320 2103 καὶ
352 2059 587 2116 ἀποφάσει·
1613 2069 1625 2076 ·

397 2153 482 2209 ,καὶ
515 2153 609 2198 τόδε
641 2156 903 2199 Φωκυλίδου·
938 2156 1060 2207 πόλις
1092 2154 1133 2199 ἐν
1165 2154 1353 2212 σκοπέλῳ
1386 2153 1499 2198 κατὰ
1531 2154 1686 2210 κόσμον

428 2225 595 2268 οἰκεῦσα
627 2226 779 2283 σμικρὴ
814 2227 996 2283 κρέσσων
1028 2226 1155 2270 Νίνου
1187 2224 1497 2282 ἀφραινούσης.ι
1529 2225 1629 2282 (frg.
1661 2226 1767 2280 513).

248 2318 342 2362 ἀλλ’
379 2319 420 2363 οὐ
456 2321 555 2377 πρὸς
586 2317 686 2379 ἕλην
714 2321 882 2366 Ἰλιάδα
916 2322 987 2365 καὶ
1022 2321 1272 2366 Ὀδύσσειαν
1306 2324 1443 2365 ταῦτα
1469 2319 1548 2378 ἔπη
1582 2319 1670 2364 ἐστὶ
1705 2322 1793 2370 τοῖς
1825 2320 1882 2377 μη

250 2391 462 2447 παρέργως
504 2390 802 2448 ἀκροι.)με’νοις;
815 2426 941 2437 ......
993 2396 1133 2436 ταῦτα
1174 2392 1286 2447 (5011.
1328 2393 1660 2435 Ηο11101·1001·11111
1703 2391 1880 2435 heroum

250 2462 380 2514 facta)
413 2464 572 2517 μᾶλλον
605 2462 757 2519 ὠφελεῖ
787 2461 898 2520 ὑμᾶς
931 2462 1274 2520 ἐκμανὲῑοίνοντας
1301 2459 1329 2520 ἦ
1358 2462 1510 2516 ἐκεῖνο;
1543 2463 1653 2519 (5011.
1675 2461 1883 2519 Phocyl.)⁴

367 2533 650 2589 Theognidea
692 2537 828 2591 igitur
869 2537 1021 2594 poesis
1049 2535 1166 2592 apu'd
1205 2534 1393 2577 eundem
1432 2535 1621 2577 Dionem
1660 2533 1797 2576 altera
1837 2535 1882 2576 in
1934 2561 1938 2566 ·

250 2606 442 2647 oratione
474 2608 662 2662 primum
697 2607 865 2650 obtinet
897 2607 1052 2662 locum,
1086 2607 1160 2650 ubi
1200 2597 1345 2663 agitur
1383 2607 1437 2649 dc
1476 2606 1624 2663 plcbc,
1664 2607 1709 2648 in
1749 2605 1885 2649 altera

251 2678 519 2731 postponitur
552 2678 824 2732 Homericae,
858 2679 933 2722 ubi
967 2681 1113 2735 agitur
1146 2679 1199 2722 de
1233 2694 1338 2734 rege
1351 2680 1389 2720 ²².

368 2857 441 2889 adn.
470 2859 523 2890 22.
560 2859 713 2892 Isocratis
740 2860 838 2893 verba
866 2861 898 2893 in
925 2862 1034 2893 mente
1062 2860 1217 2893 habuisse
1245 2860 1343 2892 etiam
1372 2859 1572 2892 lulianum
1599 2867 1657 2900 pro
1683 2861 1773 2893 certo
1799 2862 1883 2894 affir-

253 2913 404 2945 maverim
427 2914 457 2946 in
476 2916 556 2947 orat.
576 2917 689 2948 contra
708 2916 826 2950 Christ.
846 2926 874 2957 p.
897 2918 975 2959 203,
1003 2920 1021 2950 6
1051 2916 1208 2956 (Neum.):
1237 2914 1264 2958 ,ὁ
1290 2912 1490 2957 σοφώτατος
1514 2914 1678 2956 Σολομῶν
1698 2914 1883 2958 παρόμοιός

252 2966 395 3012 ἐστιτῷ
422 2970 499 3009 παρ’
523 2967 671 3012 ”Ελλησι
702 2971 929 3017 Φωκυλίδῃ
956 2970 979 3013 ἢ
1014 2970 1214 3013 Θεόγνιδι
1247 2969 1270 3013 ἢ
1303 2969 1549 3012 Ἰσοκράτει.
1585 2969 1708 3015 πόθεη
1743 2972 1772 3004 εἰ
1804 2975 1882 3014 γοῦν

252 3024 456 3066 παραβάλοις
485 3022 542 3062 τὰς
566 3024 779 3067 Ἰσοκράτους
806 3026 1019 3069 παραινέσεις
1047 3026 1172 3060 ἐκείνου
1200 3026 1411 3069 παροιμίαις,
1439 3024 1545 3068 εὕροις
1572 3023 1621 3067 ἄν,
1647 3022 1681 3058 εὖ
1710 3022 1798 3072 οἶδα,
1825 3028 1880 3062 τὸν

252 3083 308 3112 τοῦ
340 3079 563 3123 Θεοδώρου
594 3083 768 3123 κρείττονα
797 3088 855 3117 τοῦ
888 3085 1088 3128 σοφωτάτου
1119 3081 1305 3127 βασιλέως.“

368 3138 525 3172 lulianum
561 3144 671 3174 contra
705 3141 879 3175 Eusebium
915 3151 1078 3186 pugnare,
1118 3143 1172 3184 qui
1212 3141 1358 3175 laudavit
1394 3141 1576 3174 salomonis
1613 3141 1809 3182 sapientiam
1848 3145 1881 3178 in
