2176 3554
809 650 1313 715 EPIMETRUM.

362 886 663 942 Sophistarum
699 885 910 927 doctrinis
942 883 1179 941 Euripides
1212 890 1448 926 commotus
1481 900 1574 927 esse
1606 886 1799 943 videtur,
1833 896 1880 931 ut

245 966 331 1000 tam
364 973 492 1013 saepe
528 957 640 999 hanc
674 957 728 999 de
761 957 925 998 virtute
958 956 1257 1012 quaestionem
1287 957 1332 997 in
1355 955 1594 1012 tragoediis
1616 961 1882 1003 tractaverit.

244 1031 431 1071 Tantum
466 1028 547 1070 hae
581 1030 855 1084 quaestiones
896 1027 1012 1083 apud
1052 1042 1150 1069 eum
1188 1026 1414 1081 valebant,
1452 1033 1500 1069 ut
1538 1029 1590 1070 iis
1622 1029 1880 1088 plerumque

245 1101 350 1142 locis
389 1114 461 1141 eas
499 1101 730 1154 insereret,
769 1099 844 1142 ubi
884 1114 1046 1141 nexum
1085 1099 1398 1140 sententiaram
1437 1100 1576 1155 magis
1614 1100 1793 1144 turbant
1830 1118 1881 1144 ac

244 1172 485 1224 retardant,
531 1186 658 1227 quam
705 1170 942 1227 quidquam
987 1169 1219 1212 conferunt
1262 1169 1318 1211 ad
1367 1184 1644 1226 progressum
1673 1172 1881 1216 'fabulae

244 1245 342 1286 Non
375 1244 437 1285 ita
467 1256 571 1284 vero
612 1242 849 1298 Euripides
888 1241 965 1283 has
1004 1241 1224 1282 doctrinas
1264 1242 1460 1297 respicit,
1498 1248 1546 1284 ut
1586 1243 1678 1299 ipse
1717 1251 1880 1288 certam

244 1302 449 1371 sequatur
482 1315 744 1356 sententiam
779 1320 821 1355 et
853 1313 1110 1366 doctrinam,
1142 1312 1219 1354 sed
1252 1312 1448 1355 diversas
1480 1313 1535 1355 de
1569 1314 1722 1357 eadem
1755 1331 1883 1373 quae-

245 1387 382 1428 stione
415 1386 654 1427 sententias
686 1384 872 1426 diversis
912 1385 957 1426 in
996 1384 1234 1440 tragoediis
1271 1384 1447 1440 profert.
1492 1385 1616 1438 Quae
1656 1388 1790 1443 ipsius
1827 1388 1883 1429 sit

245 1456 299 1499 de
344 1455 426 1498 hac
467 1455 599 1497 illave
638 1457 890 1512 quaestione
933 1456 1169 1510 sententia,
1207 1470 1419 1512 nusquam
1452 1456 1544 1498 fere
1575 1449 1713 1513 patet,
1751 1458 1881 1500 immo

245 1541 374 1584 saepe
406 1527 466 1580 fit,
498 1532 546 1568 ut
578 1526 732 1569 eadem
764 1528 984 1569 sententia
1014 1526 1317 1583 philosophica
1348 1527 1419 1569 vel
1452 1527 1638 1582 moralis,
1661 1543 1771 1585 quae
1793 1528 1882 1571 lau-

247 1599 373 1641 datur
405 1598 487 1640 hac
520 1599 565 1639 in
598 1598 834 1654 tragoedia,
868 1600 914 1639 in
947 1598 1024 1640 illa
1056 1597 1337 1654 improbetur.
1859 1654 1863 1660 ⁵

366 1670 434 1711 De
467 1670 643 1711 virtutis
675 1669 875 1711 doctrina
914 1675 1086 1712 exstare
1123 1675 1303 1726 possunt
1339 1675 1427 1711 tres
1465 1670 1691 1726 opiniones
1732 1686 1882 1714 seeun-

248 1742 350 1783 dum
384 1741 662 1798 sophisticam
695 1742 909 1783 rationem
943 1748 986 1783 et
1018 1741 1262 1783 doctrinam
1295 1741 1350 1783 de
1383 1740 1634 1783 notionibus
1656 1740 1817 1797 φύσεως
1840 1748 1883 1785 et

249 1814 429 1865 ἓΐέσεωςε
463 1815 613 1868 ,virtus
648 1819 711 1855 est
743 1820 817 1855 aut
848 1812 1026 1870 διδακτὴ
1060 1820 1134 1856 aut
1168 1829 1253 1855 non
1286 1811 1462 1869 διδακτή
1492 1812 1570 1854 sed
1591 1811 1787 1869 ἔμφυτος,
1811 1821 1886 1857 aut

248 1884 431 1941 ἔμφυτος
463 1883 535 1928 καὶ
566 1869 768 1939 διδακτῆ(ι
800 1884 964 1927 Omnes
997 1884 1078 1927 hae
1111 1886 1303 1927 rationes
1325 1890 1567 1926 tractantur
1590 1886 1635 1926 in
1659 1885 1886 1942 Euripidis

249 1957 497 2012 tragoediis.
543 1956 609 1998 De
655 1955 799 2013 ,ἀρετή
845 1955 1028 2012 ἔμφυτος
1072 1956 1144 1999 καὶ
1190 1955 1239 1999 εὐ
1285 1955 1479 2011 διδακτή(
1524 1957 1608 1998 iam
1656 1956 1885 2014 Hippolyti

248 2044 317 2069 vv.
339 2029 423 2070 916
446 2043 533 2084 sqq.
560 2028 784 2071 attulimus
811 2044 850 2085 p.
876 2029 940 2082 18,
964 2028 1018 2070 de
1035 2029 1198 2071 virtute
1218 2027 1426 2083 ,offlam-‘15‘
1448 2030 1501 2072 cf.
1519 2027 1667 2086 Suppl.
1690 2028 1771 2071 911
1798 2043 1886 2085 sqq.

485 2113 557 2166 ,Τό
591 2112 668 2169 γάρ
702 2115 912 2169 τραφῆναι
945 2112 1004 2167 μὴ
1036 2115 1179 2163 κακῶς
1212 2112 1313 2155 αἰδῶ
1347 2113 1471 2170 φέρει.

488 2184 736 2239 Αἰσχύνεται
768 2183 812 2227 δὲ
845 2170 1008 2239 τάγάθ’
1039 2182 1237 2239 ἀσκήσας
1268 2182 1370 2240 ἀνήρ

486 2255 633 2306 Κακὸς
665 2256 904 2312 κεκλῆσῢαι
936 2256 1022 2306 πᾶς
1040 2270 1130 2309 Ϋζςις.
1163 2252 1218 2297 ‘H
1250 2253 1532 2311 δἐὐανὸρία

487 2325 748 2382 Διδακτόν,
782 2325 894 2382 εἴπερ
923 2306 1184 2382 mog
1216 2324 1459 2370 διδάσκεται

487 2397 631 2452 Λέγειν
663 2395 829 2441 ἀκούειν
862 2389 960 2441 &dv
993 2396 1180 2454 μοίὲνησιν
1214 2396 1288 2440 οὐκ
1320 2396 1416 2452 ἔχει.

487 2465 532 2510 Ἃ
566 2465 668 2512 δ’ἇν
701 2468 838 2524 polit-‚q
873 2485 966 2524 τις,
1002 2470 1165 2511 ταῦτα
1196 2468 1448 2520 σώζεσθαι
1482 2471 1617 2524 φιλεῖ

490 2539 620 2595 Πρὸς
653 2542 821 2597 γῆρας.
855 2536 977 2584 Οὕτω
1010 2542 1165 2591 παῖδας
1197 2533 1246 2583 εὖ
1279 2539 1570 2584 παιδεύετε.ι

373 2624 615 2668 Axiomatis
637 2626 927 2684 philosophici
958 2629 1095 2669 instar
1120 2626 1336 2683 prolatum
1367 2627 1447 2669 hoe
1475 2627 1600 2669 vides
1628 2624 1668 2683 ,ἡ
1698 2625 1888 2682 εὐανδρία

255 2696 475 2739 διδακτόνι.

374 2767 564 2810 Mediam
596 2770 713 2811 viam
747 2771 861 2812 inter
894 2770 1000 2812 duas
1040 2771 1279 2812 contrarias
1317 2771 1513 2826 sequitur
1551 2770 1681 2811 tertia
1718 2769 1772 2811 dc
1805 2770 1889 2812 vir-

256 2839 358 2879 tutis
391 2838 590 2880 doctrina
622 2842 851 2894 sententia,
884 2856 968 2897 qua
996 2841 1173 2898 quidem
1202 2841 1405 2883 laudatur
1433 2839 1615 2897 ἔμφυτος
1641 2839 1787 2897 ἀρετή,
1811 2839 1887 2883 sed

255 2907 408 2958 δίδαξιν
441 2923 608 2966 quoque
642 2911 904 2966 permultum
938 2912 1086 2954 valere
1122 2912 1388 2954 conceditur.
1421 2912 1544 2954 Haec
1575 2912 1794 2954 sententia
1826 2913 1889 2953 in-
1915 2906 1916 2909 ¹

254 2981 430 3021 venitur
463 2981 508 3020 in
541 2980 647 3022 Hec.
680 2980 765 3022 592
798 2997 886 3038 sqq.

372 3066 458 3108 592
875 3067 1038 3112 Οὔκουν
1070 3068 1208 3123 δεινόν,
1242 3069 1279 3111 εἰ
1308 3071 1361 3125 γῆ
1397 3066 1470 3124 μὲν
1502 3067 1617 3124 κακή

491 3139 687 3192 'suffoca
718 3140 860 3194 καιροῦ
892 3138 1044 3182 ἓῖεόὲνεν
1075 3133 1117 3182 εὖ
1154 3138 1311 3194 στάχυν
1343 3138 1470 3196 φέρει,
