2176 3554
989 333 1279 374 „72-

322 441 604 483 Philostratus
637 441 784 481 testari
820 439 926 480 mihi
962 439 1148 481 videtur.
1181 439 1336 481 Tradit
1363 441 1478 481 enim
1502 439 1788 484 Philostratus
1810 455 1952 483 aemu-

323 513 526 554 lationem
573 510 790 567 quandam
841 511 1057 552 exstitisse
1102 512 1218 552 inter
1263 509 1473 566 Gorgiam
1519 518 1562 553 et
1606 512 1859 567 Prodicum,
1903 527 1953 555 ac

323 583 531 638 Gorgiam
562 583 747 624 irrisisse
775 581 1020 635 Prodicum,
1049 582 1163 638 quod
1185 582 1291 624 talia
1318 582 1585 639 protulisset,
1614 597 1723 639 quae
1753 583 1954 626 omnibus

322 661 423 696 nota
462 660 503 695 et
544 655 646 695 trita
689 659 842 707 essent,
882 652 934 694 cf.
975 652 1176 695 Philostr.
1215 668 1255 710 p.
1287 653 1403 695 483:
1446 650 1511 706 ,³0
1555 651 1606 708 δὴ
1646 653 1828 709 Γοργίας
1863 652 1951 697 ἐπι-

323 725 522 768 σκώπτων
545 724 613 767 τὸν
636 723 852 779 Πρόδικον,
878 720 933 773 ὦς
954 722 1065 767 ἕωλοί
1087 739 1132 766 τε
1156 722 1228 766 καὶ
1251 723 1456 774 πολλάκις
1486 723 1680 780 εἰρημένα
1702 722 1954 780 ἀγορεύοντα

324 796 539 853 ἐπαφῆκεν
561 795 707 838 ἑαυτὸν
730 797 787 852 τῷ
810 797 955 852 καιρῷι
981 819 1033 825 -
1062 795 1278 838 irridendi
1301 797 1418 838 notio
1447 796 1722 850 (καταγελᾶν)
1747 797 1878 838 etiam
1908 796 1952 837 in

324 868 439 908 Men.
481 867 505 908 l.
545 867 569 908 l.
613 868 838 908 invenitur
881 886 948 910 —.
997 865 1206 923 Gorgiam
1253 867 1503 923 significare
1552 867 1728 909 Prodici
1779 867 1955 910 virtutis

323 939 576 991 doctrinam,
610 953 660 980 ca
693 938 1005 991 demonstrant,
1039 953 1149 995 quae
1181 939 1450 981 antecedunt
1483 939 1598 996 apud
1632 938 1954 991 philostratum,

321 1009 477 1066 quibus
511 1016 711 1051 narratur
743 1009 917 1051 Prodici
952 1010 1006 1052 de
1038 1010 1232 1052 Hercule
1271 1010 1438 1064 fabula,
1480 1018 1522 1052 et
1561 1010 1615 1053 de
1652 1011 1829 1052 virtutis
1862 1010 1955 1051 eius

322 1080 521 1122 doctrina
553 1082 708 1135 agitur.
742 1080 884 1133 Quam
920 1082 1036 1123 inter
1059 1080 1269 1138 Gorgiam
1294 1088 1336 1123 et
1358 1081 1589 1124 Prodicum
1615 1082 1955 1124 controversiam

322 1151 442 1193 Plato
486 1153 529 1192 in
572 1167 696 1193 suum
737 1167 862 1193 usum
907 1153 967 1193 ita
1008 1154 1274 1195 convertisse
1316 1152 1510 1207 videtur,
1548 1159 1595 1195 ut
1633 1152 1712 1195 sub
1752 1152 1955 1195 Menonis

322 1237 504 1280 persona
549 1223 851 1277 contenderet,
898 1222 1108 1280 Gorgiam
1153 1225 1356 1265 omnino
1400 1225 1607 1266 virtutem
1645 1223 1792 1266 doceri
1831 1237 1954 1280 posse

323 1310 518 1350 negasse.
550 1294 702 1336 Talem
733 1310 838 1336 vero
870 1294 1206 1337 aemulationem
1240 1310 1286 1337 re
1319 1310 1425 1337 vera
1457 1295 1674 1337 exstitisse
1702 1287 1818 1337 int-er
1850 1293 1956 1336 Gor-

323 1366 440 1421 giam
475 1373 516 1407 et
548 1365 792 1419 Prodicum,
824 1381 901 1422 pro
935 1373 1052 1408 certo
1086 1366 1338 1409 habendum
1383 1373 1463 1420 est,
1501 1382 1599 1408 cum
1637 1367 1715 1407 vix
1751 1365 1848 1407 fieri
1887 1379 1956 1422 po-

321 1437 467 1491 tuerit,
498 1444 545 1478 ut
576 1436 862 1479 Philostratus
895 1437 940 1479 id
973 1438 1027 1480 dc
1054 1452 1140 1480 suo-
1161 1438 1351 1480 finxerit.
1384 1438 1566 1494 Propter
1599 1436 1813 1479 id‘solum
1858 1436 1958 1478 Pro-

324 1508 470 1550 dicum
504 1510 780 1565 impugnavit
813 1508 1018 1565 Gorgias,
1053 1509 1166 1566 quod
1198 1511 1373 1552 virtutis
1406 1509 1630 1552 doctrinae
1663 1509 1853 1565 primum
1884 1508 1957 1549 tri-

323 1579 418 1621 buit
450 1579 609 1635 locum,
643 1596 741 1622 cum
775 1582 866 1638 ipse
902 1581 982 1622 hoc
1018 1582 1103 1623 iam
1141 1581 1218 1623 diu
1256 1581 1310 1623 ab
1350 1580 1550 1623 omnibus
1594 1579 1823 1637 probatum
1865 1593 1957 1620 esse

324 1651 626 1705 contenderet,
660 1667 710 1693 ac
742 1651 1003 1694 rhetoricam
1039 1659 1176 1694 artem
1209 1668 1423 1694 summum
1455 1652 1655 1694 obtinere
1689 1650 1830 1693 locum
1865 1664 1958 1706 pro-

322 1721 427 1763 bare
470 1722 665 1764 studeret
704 1724 729 1764 i.
762 1738 797 1765 e.
838 1722 905 1766 τὸν
925 1716 1051 1778 Ᾰῆττω
1085 1722 1205 1778 λόγον
1237 1723 1412 1780 κρείττω
1445 1725 1583 1766 ποιεῖν.

441 1793 671 1849 Hippolyti
693 1783 852 1836 ¹fabula
884 1796 1031 1837 nescio
1065 1810 1119 1836 an
1153 1796 1346 1837 omnium
1374 1794 1603 1851 Euripidis
1630 1792 1877 1836 fabularum
1903 1793 1959 1834 sit

324 1865 512 1905 maxime
546 1865 704 1906 idonea
736 1866 791 1907 ad
824 1866 1186 1921 cognoscendum,
1220 1872 1429 1922 quantum
1453 1865 1535 1907 hac
1557 1871 1698 1907 aetate
1721 1862 1958 1920 Euripides

323 1934 533 1991 sophistas
574 1950 807 1993 eorumque
849 1937 1069 1980 doctrinas
1108 1939 1364 1994 respexerit.
1405 1937 1457 1979 cf.
1498 1953 1533 1979 e.
1565 1952 1604 1993 g.
1638 1951 1707 1978 vv.
1743 1935 1825 1978 189
1858 1949 1958 1991 sqq„

323 2007 395 2062 qui
441 2014 578 2062 agunt
618 2007 672 2050 dc
714 2009 805 2050 vita
846 2009 1073 2051 hominum
1114 2015 1208 2066 post
1252 2014 1455 2062 mortem,
1493 2023 1622 2065 quam
1660 2007 1957 2064 quaestionem

323 2077 399 2119 illa
437 2079 529 2134 ipsa
573 2086 714 2122 aetate
755 2095 965 2136 persaepe
1007 2087 1235 2123 tractatam
1278 2095 1388 2134 esse,
1433 2080 1710 2135 cognoscitur
1752 2092 1806 2120 ex
1846 2076 1959 2131 frag-

325 2150 481 2191 mentis
514 2149 867 2206 consolationum,
900 2166 1010 2208 quae
1043 2151 1262 2194 dicuntur.

441 2221 551 2263 Tum
586 2222 637 2263 cf.
671 2224 909 2265 contrarias
942 2223 1198 2276 sententias,
1233 2238 1343 2280 quae
1372 2222 1524 2265 eadem
1549 2223 1594 2263 in
1617 2219 1845 2277 tragoedia
1865 2232 1959 2275 pro-

324 2293 523 2334 feruntur
562 2293 616 2335 de
658 2308 814 2336 amore.
854 2293 965 2336 Cum
1007 2295 1125 2336 enim
1166 2294 1317 2336 nutrix
1355 2307 1529 2349 prorsus
1567 2291 1800 2348 sophistico
1839 2303 1957 2332 more

324 2364 476 2420 probet
509 2364 710 2407 dominae
743 2380 932 2407 amorem
965 2372 1094 2421 atque
1127 2379 1275 2407 omnes
1308 2364 1517 2407 defendat
1542 2365 1636 2406 vias
1670 2363 1958 2418 rationesque,

326 2434 483 2490 quibus
528 2434 727 2478 Phaedra
764 2438 827 2478 uti
866 2438 999 2493 possit
1043 2436 1099 2478 ad
1138 2451 1328 2478 amorem
1369 2434 1715 2492 impetrandum,
1756 2431 1959 2474 Phaedra

327 2521 466 2561 neque
500 2508 642 2549 minus
674 2507 952 2564 Hippolytus,
985 2508 1138 2551 omnia.
1162 2508 1354 2549 reiciunt
1385 2505 1595 2560 subsidia,
1629 2520 1738 2562 quae
1766 2504 1958 2561 speciem

327 2577 461 2632 ipsam
509 2577 665 2632 flagitii
709 2579 922 2635 praebere
965 2579 1141 2635 possint.
1180 2579 1232 2620 In
1276 2578 1343 2620 his
1382 2577 1527 2619 ideam
1572 2577 1675 2620 boni
1717 2575 1958 2632 perfectam

327 2662 430 2700 esse,
464 2647 613 2689 credat
645 2650 750 2705 quis,
784 2664 911 2706 quam
945 2649 1068 2691 Plato
1102 2665 1179 2691 sua
1211 2649 1411 2691 doctrina
1432 2655 1581 2705 postea
1604 2646 1848 2705 appetebat.
1870 2644 1958 2687 Sed

328 2717 440 2773 quod
472 2724 653 2775 uterque
688 2721 927 2776 intereunt,
965 2715 1203 2777 scepticam
1240 2735 1388 2762 rursus
1421 2719 1711 2776 sophistarum
1743 2717 1958 2760 rationem

326 2790 520 2845 sequitur
553 2791 801 2847 Euripides.
839 2793 950 2834 Nam
990 2792 1099 2834 haec
1140 2798 1203 2834 est
1242 2807 1371 2834 causa
1410 2805 1558 2833 eorum
1591 2790 1812 2843 interitus,
1845 2786 1958 2844 quod

328 2859 470 2901 ideam
509 2867 713 2917 tanquam
752 2862 854 2904 boni
893 2864 1106 2919 perficere
1145 2862 1339 2915 student,
1378 2861 1492 2919 quod
1527 2861 1701 2904 modum
1737 2857 1959 2902 excedunt

329 2934 420 2973 eius
452 2932 568 2987 boni,
601 2934 714 2989 quod
747 2934 945 2977 homines
977 2935 1188 2991 perficere
1221 2940 1410 2991 possunt.

447 3003 608 3046 Contra
640 3005 850 3062 sophistas
882 3007 1070 3062 pugnari
1103 3012 1222 3062 patet
1253 3021 1323 3048 vv.
1354 3003 1558 3047 486—89
1597 3018 1647 3045 ac
1682 3007 1833 3044 contra
1862 3000 1956 3042 rhe-

329 3076 507 3116 toricam
541 3075 716 3131 quidem
752 3091 898 3118 eorum
934 3076 1188 3119 doctrinam.

446 3145 745 3201 sophistarum
777 3163 923 3189 rursus
956 3149 1145 3203 vestigia
1175 3148 1334 3203 premit
1361 3147 1513 3189 nutrix
1539 3147 1585 3187 in
1612 3159 1683 3186 vv,
1711 3141 1957 3195 boo-503,
