2176 3554
911 623 1143 687 PARS
1196 625 1244 690 I.

318 775 439 825 unae
470 775 611 825 fuerit
640 777 895 825 auctoritas
926 777 1195 836 Theonnldis
1227 778 1340 836 apud
1371 779 1595 838 antiquos,
1622 779 1833 839 imprimi·

851 853 964 911 apud
997 852 1300 912 philosophos.

1057 995 1091 1036 1.

630 1123 749 1164 Ante
778 1122 1006 1165 Platonem
1036 1127 1082 1165 et
1112 1121 1313 1165 Platonis
1341 1125 1509 1166 aetate.

368 1266 511 1324 Ipsam
545 1266 736 1310 indolem
770 1280 947 1324 poeseos
977 1265 1292 1323 Theognideac
1323 1273 1444 1324 patet
1475 1267 1522 1309 in
1555 1281 1607 1310 ea
1637 1267 1731 1310 fere
1762 1274 1886 1326 parte

247 1337 549 1396 philosophiae
586 1337 678 1382 sola
722 1339 765 1381 in
809 1353 988 1381 censum
1032 1338 1207 1381 venisse
1248 1345 1292 1381 et
1332 1338 1486 1380 venire
1526 1338 1736 1396 potuisse,
1773 1352 1884 1396 quae

248 1406 424 1452 moralis
470 1409 734 1452 nominatur.
774 1408 871 1451 Hoc
912 1407 1116 1466 exempla
1159 1407 1431 1452 confirmant.
1473 1408 1586 1452 Nam
1632 1408 1883 1468 ubicunque

247 1480 441 1523 citantur
480 1478 536 1523 ab
574 1480 767 1538 antiquis
807 1494 958 1522 versus
1001 1478 1299 1536 Theognidei,
1339 1481 1559 1523 sententia
1598 1481 1793 1538 pertinet
1828 1481 1885 1524 ad

248 1551 411 1596 morale
451 1550 669 1610 quoddam
710 1559 1038 1609 argumentum,
1086 1565 1345 1609 quamquam
1391 1564 1478 1595 non
1523 1559 1587 1595 est
1630 1551 1883 1609 negandum

247 1622 454 1667 moralem
486 1630 655 1681 partem
686 1637 864 1680 poeseos
894 1621 1209 1679 Theognideae
1236 1637 1323 1665 non
1353 1637 1446 1666 esse
1474 1621 1627 1678 solam,
1655 1638 1740 1682 qua
1761 1622 1882 1667 allici

246 1696 470 1754 potuerint
500 1709 552 1737 ac
584 1709 701 1738 nunc
735 1695 867 1738 etiam
900 1694 1065 1751 possint
1096 1694 1232 1737 animi
1266 1692 1511 1751 legentium
1524 1695 1548 1738 ².

366 1765 497 1810 Haud
542 1767 603 1810 ita
642 1765 827 1809 multum
871 1772 965 1823 post
1008 1764 1283 1822 Theognidis
1324 1772 1513 1809 aetatem
1557 1765 1743 1809 morales
1786 1767 1881 1809 eius

239 1839 481 1883 sententias
505 1840 697 1881 maxime
719 1839 888 1880 animos
910 1837 1151 1895 legentium
1174 1851 1429 1895 occupasse,
1462 1839 1549 1881 iam
1570 1837 1806 1898 Sophocles
1827 1853 1879 1881 ac

239 1912 381 1968 magis
401 1909 640 1967 Euripides
662 1915 894 1963 testantur,
916 1923 1099 1967 quorum
1122 1910 1168 1952 in
1190 1908 1430 1966 tragoediis
1451 1923 1581 1966 saepe
1603 1907 1878 1965 Theognidis

238 1982 481 2026 sententias
512 1980 767 2038 adgnoscas

357 2052 486 2107 Quod
518 2053 717 2096 carmina
746 2052 927 2110 politica
957 2052 1180 2096 obscurari
1214 2059 1460 2109 coeperant,
1492 2051 1622 2094 huius
1653 2051 1718 2094 rei
1749 2065 1880 2093 causa

240 2125 287 2168 iu
319 2124 526 2168 universa
558 2125 798 2168 mutatione
831 2139 977 2168 rerum
1009 2123 1286 2182 publicarum
1324 2124 1455 2167 totius
1492 2121 1710 2167 Graeciae
1749 2135 1880 2180 quae-

238 2194 378 2241 renda
419 2204 495 2239 est.
537 2195 733 2253 Megaris
770 2203 915 2239 autem
954 2194 1199 2252 eligat-chia
1235 2194 1524 2239 collabefacta
1563 2193 1876 2238 democratiam

239 2268 324 2311 iam
355 2266 629 2326 Theognidis
667 2266 936 2325 temporibus
973 2268 1210 2311 consistere
1249 2267 1461 2324 coepisse,
1499 2273 1547 2309 ut
1587 2267 1633 2309 in
1675 2264 1877 2323 plurimis

238 2337 423 2383 Graecis
443 2338 709 2393 civitatibus,
732 2353 789 2382 cx
815 2337 1089 2394 Theognidis
1122 2339 1258 2396 ipsius
1289 2335 1558 2380 omninibus
1586 2337 1876 2394 cognoscitur.

237 2409 482 2463 Nobilium,
513 2425 694 2470 quorum
730 2426 841 2454 unus
874 2426 929 2453 cx
969 2409 1295 2453 studiosissimis
1329 2414 1422 2452 erat
1455 2407 1697 2466 Theognis,
1733 2415 1877 2451 aucto·

237 2483 343 2526 ritas
374 2484 515 2540 magis
554 2484 779 2541 magisque
813 2482 1024 2536 concidit,
1057 2481 1160 2524 duni
1197 2489 1387 2525 exeunte
1426 2481 1579 2539 quinto
1616 2479 1790 2524 saeculo
1829 2481 1872 2523 in

237 2550 420 2596 Graecis
452 2553 706 2598 civitatibus
737 2556 915 2598 omuino
949 2555 1129 2597 evanuit
1162 2554 1235 2606 (cf.
1263 2552 1485 2611 Aristoph.
1514 2553 1623 2596 Ran.
1645 2551 1732 2595 685
1753 2554 1873 2611 ὅρῳ).

354 2623 506 2681 Itaque
529 2624 659 2668 facile
683 2624 959 2682 intellegitur
982 2640 1053 2667 eos
1076 2639 1236 2678 versus,
1265 2623 1423 2682 quibus
1452 2623 1693 2668 nobilitatis
1722 2623 1873 2668 laudes

235 2694 518 2750 canebantur,
549 2710 577 2740 a
605 2698 836 2755 perpaucis
868 2696 1107 2750 adamatos,
1145 2712 1170 2738 a
1202 2695 1403 2752 plurimis
1435 2711 1608 2753 prorsus
1645 2697 1873 2755 despectos

237 2773 281 2811 et
310 2765 535 2823 neglectos
567 2784 673 2811 esse.

350 2948 426 2983 adn.
455 2950 486 2983 2.
523 2949 580 2983 l‘ro
611 2952 702 2984 certo
728 2948 913 2983 habendum
940 2949 1008 2983 est.
1043 2946 1248 2981 Aristotelem
1282 2947 1378 2981 etiam
1406 2947 1603 2990 Theognidis
1630 2946 1744 2989 poesin
1772 2955 1872 2980 usur·

231 3014 329 3048 posse
354 3005 396 3040 ad
423 3005 662 3048 negas-ensium
688 3003 859 3039 πολιτιίαν
885 3004 1145 3040 describendum.
1178 3004 1247 3043 Quo
1279 3003 1402 3038 mei-int
1432 3012 1494 3038 usu
1527 3011 1644 3038 versus
1671 3002 1870 3044 Theognidis

231 3061 396 3098 historicis
422 3066 557 3098 nostrae
582 3063 719 3105 aetatis,
745 3063 787 3097 cr.
813 3063 930 3106 erote,
959 3062 1016 3104 ΙΙΙ,
1050 3062 1106 3104 ΙΙ,
1133 3059 1180 3103 ΙΙΙ,
1212 3061 1264 3101 1⁹,
1291 3059 1458 3102 banchor,
1495 3059 1544 3103 ΙΙΙ,
1570 3062 1614 3094 58
1634 3068 1719 3102 sqq„
1747 3058 1868 3101 Busolt,

233 3118 256 3163 Ι,
283 3121 351 3155 606
369 3128 440 3164 sqq.
469 3119 517 3155 Fr.
544 3120 659 3160 coner.
689 3120 834 3156 l‘nrteien
863 3130 894 3153 n.
923 3118 1075 3153 Pontiker
1101 3119 1131 3151 in
1161 3118 1289 3160 nogara
1316 3127 1345 3151 u.
1375 3118 1490 3161 Athen,
1516 3117 1636 3159 Smug.
1669 3118 1766 3152 1890,
