2176 3554
390 450 625 491 659—666
660 449 711 490 cf.
745 464 841 490 cum
879 449 1110 491 133—142
1145 455 1186 490 et
1218 448 1464 492 585—590.

387 519 620 561 667-682
661 519 716 561 ad
753 519 953 575 politicas
991 534 1060 561 res
1098 520 1332 576 portinent.
1371 519 1640 564 Simonidem
1679 523 1898 579 quendam

269 591 503 647 alloquitur
535 596 693 633 auctor.
726 590 956 632 Sententia
987 590 1167 646 politica
1199 605 1309 647 quae
1344 592 1604 648 exprimitur
1637 599 1680 635 et
1711 592 1779 635 his
1806 609 1900 636 ver·

270 662 389 705 sibus
422 668 464 703 et
495 677 534 702 v.
567 660 800 703 683—686
832 662 993 717 optime
1032 661 1217 718 quadrat
1248 661 1303 704 ad
1338 662 1400 717 id,
1439 663 1553 720 quod
1590 664 1813 722 Theognis
1843 666 1899 708 de

270 749 317 775 re
356 732 533 789 publica
570 732 896 787 Megarensium
934 733 1079 774 sentit.
1122 731 1270 775 Plebis
1310 734 1427 775 enim
1468 735 1717 792 imperium,
1761 737 1902 780 ochlo-

271 805 423 857 cratia,
462 802 729 859 repudiatur.
763 802 877 846 Num
909 818 1014 845 vero
1052 803 1325 860 Theognidis
1364 806 1499 862 ipsius
1536 806 1624 848 sint
1661 806 1707 848 hi
1741 822 1904 864 versus,

272 875 507 918 diiudicari
542 875 704 930 nequit.

389 946 499 988 Inde
533 962 558 988 a
588 962 627 988 V.
660 946 748 988 660
778 961 914 1003 usque
947 946 1003 989 ad
1034 963 1074 989 v.
1100 946 1183 990 755
1211 949 1407 991 carmina
1438 950 1497 992 ita
1526 949 1763 993 cohaerent
1790 951 1905 994 inter

199 1037 204 1054 τ
273 1034 334 1072 se,
368 1024 415 1060 ut
446 1019 628 1068 πλοῦτος
661 1023 704 1060 et
725 1017 843 1061 πενία
865 1019 921 1060 sit
942 1019 1162 1061 sententia
1189 1018 1468 1076 principalis,
1497 1034 1608 1077 quae
1635 1021 1757 1063 vario
1780 1022 1906 1066 modo

42 1476 73 1501 j
156 1508 159 1510 .

2 1508 42 1568 [s.
77 1504 94 1571 l
136 1511 194 1556 dr

0 1560 125 1652 ἦ...]
234 1621 237 1625 .

0 1652 36 1675 ’,ι
54 1649 83 1669 μ,-
144 1633 167 1660 n
181 1634 239 1669 ae,

212 1131 213 1135 ,
274 1098 484 1134 tractatur
498 1092 537 1133 ²⁹.

391 1163 608 1205 Versuum
645 1163 877 1206 731—752
908 1166 1128 1207 sententia
1160 1165 1315 1208 similis
1348 1172 1412 1208 cst
1434 1166 1679 1208 sententiae
1701 1180 1905 1208 versuum

277 1234 512 1276 373—392
555 1234 775 1291 (desperat
818 1236 935 1277 enim
974 1242 1102 1292 pocta
1140 1236 1195 1279 dc
1239 1237 1418 1279 deorum
1462 1237 1646 1289 iustitia)
1684 1252 1734 1278 ac
1760 1236 1908 1279 simili

276 1305 401 1346 modo
433 1312 561 1361 atque
595 1305 687 1347 illic
720 1306 918 1349 versibus
952 1306 1091 1350 393—
1100 1308 1198 1362 396,
1230 1307 1303 1350 hic
1335 1308 1551 1350 refutatur
1583 1307 1660 1349 illa
1691 1309 1911 1351 sententia

276 1375 475 1418 versibus
510 1375 651 1419 753—
657 1376 742 1421 756
775 1384 818 1424 ct
851 1379 923 1431 iis,
938 1380 1011 1435 qui
1034 1385 1136 1444 ante
1160 1379 1236 1422 hos
1258 1394 1409 1422 versus
1433 1378 1765 1444 intercidelunt.
1796 1380 1910 1422 Nam

278 1447 435 1489 lacuna
467 1447 539 1489 hic
572 1448 803 1491 statuenda
834 1455 914 1502 est,
947 1465 1044 1491 cum
1074 1445 1209 1492 nihii
1218 1457 1400 1503 exstet?
1401 1450 1486 1493 a‘d
1503 1436 1647 1507 quod
1652 1436 1913 1507 peltineant

277 1518 414 1561 veiba
446 1521 600 1575 ,ταῦτα
632 1518 794 1575 μοιὲἳώνι
834 1521 892 1575 (v.
928 1521 1042 1581 753).
1081 1520 1248 1564 Similis
1279 1523 1504 1564 sententia
1543 1521 1820 1564 intercidisse
1851 1522 1913 1564 vi—

283 1589 421 1643 detur,
453 1597 581 1648 atque
615 1586 841 1635 invenitur
874 1594 919 1635 in
951 1593 1152 1638 versibus
1187 1594 1269 1636 199
1292 1609 1380 1651 sqq.

869 1825 1131 1868 Convivales
1160 1837 1331 1867 versus.

400 1982 439 2025 A
477 1999 606 2026 versu
652 1983 733 2026 757
782 1999 933 2027 versus
972 1984 1224 2028 convivales
1267 1987 1482 2042 incipere,
1520 1992 1743 2043 postquam
1785 2003 1913 2044 supra

285 2057 522 2110 statuimus,
554 2072 672 2098 nunc
704 2071 786 2114 quo
820 2058 915 2099 iure
950 2057 995 2100 id
1027 2057 1261 2100 fecerimus
1293 2059 1529 2115 quaeritur.

403 2126 468 2169 Ac
500 2129 686 2183 primum
720 2129 898 2185 quidem
932 2130 1072 2185 ipsum
1104 2136 1275 2186 poetam
1314 2145 1509 2186 sperasse
1532 2129 1624 2172 fore
1652 2136 1699 2172 ut
1721 2131 1917 2173 carmina

286 2214 362 2240 sua
401 2200 699 2241 conviviorum
739 2201 836 2242 usui
876 2201 1162 2255 inservirent,
1201 2200 1346 2243 elucet
1381 2218 1404 2244 c
1436 2217 1476 2243 v.
1508 2202 1593 2244 239
1622 2216 1727 2258 sqq.,
1759 2201 1917 2258 quibus

286 2268 446 2311 clarius
478 2270 532 2312 ab
566 2272 656 2327 ipso
688 2278 816 2327 poeta
848 2273 1036 2328 exprimi
1069 2287 1156 2314 non
1188 2274 1345 2329 potuit,
1384 2274 1580 2315 carmina
1618 2288 1694 2315 sua
1731 2272 1787 2315 ad
1819 2288 1918 2315 can—

288 2341 466 2383 tandum
501 2342 718 2385 destinata
751 2359 856 2386 esse,

408 2546 480 2578 adn.
510 2549 562 2579 29.
591 2555 618 2578 v.
641 2549 705 2580 719
725 2556 796 2589 sqq.
824 2547 952 2581 Solonis
978 2551 1056 2582 sunt
1083 2543 1223 2590 (cf.'frg.
1252 2549 1294 2582 24
1311 2549 1355 2589 B),
1384 2550 1436 2583 ubi
1464 2550 1727 2591 paulum-variati
1754 2551 1919 2592 leguntur.

292 2609 319 2633 v.
349 2602 508 2635 721—‘22
542 2602 694 2636 Horatius
728 2604 873 2637 imitatur
904 2604 935 2637 in
969 2604 1065 2645 epist.
1101 2605 1127 2643 1,
1168 2607 1223 2648 1⁶2,
1258 2606 1358 2639 4—5.
1393 2605 1560 2640 Horatium
1592 2614 1656 2640 non
1691 2607 1762 2648 ipsa
1794 2606 1920 2640 Solonis

293 2658 389 2691 verba
417 2659 475 2690 sed
501 2659 703 2692 collectionis
730 2661 956 2702 Theognideae
983 2662 1057 2694 ante
1085 2661 1196 2694 oculos
1222 2660 1396 2702 habuisse,
1424 2670 1462 2695 eo
1488 2662 1744 2705 demonstratur,
1771 2663 1855 2705 quod
1882 2663 1921 2696 ad

292 2714 425 2747 verbum
459 2715 616 2748 transfert
644 2709 680 2759 ,ᾧ
715 2712 757 2747 τὰ
791 2713 914 2748 δέοντα
948 2715 1120 2757 πάρεστιν*
1155 2717 1264 2751 verbis
1297 2718 1359 2761 ,cui
1394 2725 1502 2759 rerum
1537 2719 1682 2760 suppetit
1713 2717 1817 2759 usus‘,
1849 2728 1922 2753 culn

293 2771 419 2803 Solonis
446 2772 567 2804 suerint
593 2772 689 2805 verba
717 2767 755 2816 ,ᾧ
779 2771 865 2813 μόνα
890 2775 996 2805 ταῦτα
1019 2771 1191 2814 πάρεστινι
1219 2773 1270 2812 (cf.
1291 2774 1371 2808 Plut.
1391 2774 1456 2808 Sol.
1476 2783 1545 2816 cap.
1568 2776 1610 2816 2).
1639 2775 1741 2809 Etiam
1766 2776 1829 2810 alio
1853 2776 1922 2809 loco

293 2826 461 2859 Horatium
489 2829 692 2869 expressisse
721 2829 951 2873 Theognidem,
980 2830 1156 2871 l‘orphyrio
1184 2832 1325 2865 testatur
1351 2831 1389 2864 ad
1417 2832 1511 2873 epist.
1542 2832 1567 2871 l,
1601 2834 1628 2875 1,
1657 2833 1723 2866 ⁴5:
1751 2833 1822 2873 ,hoc
1853 2833 1923 2866 loco

295 2882 488 2924 Theognidis
514 2892 631 2917 versus
658 2885 803 2918 imitatus
830 2888 889 2925 est,
918 2887 972 2927 qui
999 2887 1044 2919 ait
1069 2895 1119 2928 eq.
1147 2896 1173 2920 s.
1201 2896 1231 2920 v,
1262 2889 1324 2920 173
1353 2896 1402 2929 sq.

388 2939 446 2977 Qui
473 2939 668 2980 Theognidis
694 2949 810 2975 versus
836 2950 908 2975 cum
936 2942 1084 2977 celebres
1112 2944 1225 2976 essent
1251 2944 1282 2977 in
1310 2944 1457 2985 populari
1490 2945 1714 2986 philosophia,
1747 2953 1830 2986 quae
1864 2946 1923 2978 hac

296 2996 326 3027 in
354 3004 389 3028 re
417 2995 608 3037 Cynicorum
635 2999 665 3030 et
693 2997 872 3031 Stoicorum
900 3007 1023 3032 morem
1052 3000 1257 3035 imitabatur.
1291 3001 1322 3034 et
1355 3009 1428 3033 cum
1461 3001 1604 3034 sciamus
1631 3000 1800 3035 Horatium
1826 3001 1923 3035 etiam

296 3051 367 3085 aliis
392 3052 472 3085 locis
499 3053 670 3087 satirarum
698 3056 730 3087 et
757 3055 969 3095 epistularum
996 3056 1055 3089 has
1082 3056 1238 3090 diatribas
1265 3057 1440 3098 populares
1466 3057 1656 3091 adhibuisse
1682 3057 1732 3095 (cf.
1751 3060 1925 3092 comment.

299 3108 413 3141 Kiessl.
442 3109 531 3147 edit.)
558 3110 653 3142 etiam
682 3111 740 3143 hos
766 3119 884 3145 versus
911 3114 973 3145 721
1009 3121 1057 3153 sq.
1086 3115 1121 3146 ut
1148 3113 1178 3146 in
1206 3121 1302 3146 suum
1330 3121 1424 3147 usum
1452 3114 1665 3157 transferret,
1692 3114 1925 3149 dissertatione

299 3165 434 3205 quadam
461 3165 681 3207 philosophica
710 3175 781 3199 eum
809 3171 1005 3201 commotum
1032 3178 1118 3209 esse,
1147 3177 1204 3211 pro
1231 3172 1320 3204 certo
1346 3169 1499 3205 affirmari
1526 3171 1611 3204 licet.
