2176 3554
918 286 1214 330 ...67-

365 391 449 436 Vel
481 398 713 450 propterea
744 399 848 449 puto
880 394 1072 451 antiquis
1109 392 1378 451 temporibus
1414 392 1751 437 adscribendam
1791 408 1885 437 esse

247 464 364 509 banc
394 462 668 522 collectionis
698 471 879 522 partem.
911 465 1023 508 Nam
1056 464 1369 524 posterioribus
1396 463 1665 523 temporibus
1686 464 1886 508 homines

136 544 146 551 '⁴
249 527 444 580 eruditos
476 536 521 579 in
553 534 792 580 moralibus
824 535 962 579 solum
996 539 1089 580 eius
1127 538 1361 581 sententiis
1396 544 1590 580 versatos
1624 551 1738 592 esse,
1768 536 1887 580 colli·

248 606 444 666 gendum
488 614 555 651 est
590 606 711 662 inde,
752 607 868 665 quod
906 607 1153 666 philosophi
1187 623 1287 653 eum
1318 607 1586 663 tractabant,
1618 614 1662 652 et
1691 607 1807 666 quod
1840 610 1886 651 in

248 693 424 723 sensum
457 677 664 722 moralem
696 679 839 737 poesis
870 677 1159 735 Theognidea
1191 678 1368 723 definiri
1400 678 1579 723 solebat.

368 749 460 793 Iam
492 748 695 793 Isocratis
725 748 995 807 temporibus
1026 750 1082 793 ad
1116 750 1233 793 hunc
1255 750 1462 794 moralem
1485 765 1610 795 usum
1632 756 1886 809 usurpatum

126 821 131 826 ’
198 756 221 966 l
250 836 345 867 esse
376 820 684 878 Theognidem
716 828 761 865 et
791 820 1004 865 eiusmodi
1039 821 1343 865 collectionem
1376 823 1614 876 exstitisse,
1652 838 1709 866 ex
1738 821 1888 866 verbis

250 893 347 938 eius
378 893 424 936 in
455 898 560 935 orat.
590 892 647 936 ad
678 891 846 936 Nicocl.
876 891 934 935 43
956 892 1256 949 colligendum
1280 899 1356 937 est.
1381 893 1505 937 Idem
1528 900 1743 937 testantur
1765 892 1888 937 Plato

250 962 368 1023 legg.
398 962 497 1019 VII,
527 962 646 1006 810⁰
677 969 722 1006 et
751 962 998 1007 Aeschines
1031 965 1076 1006 in
1107 963 1300 1022 Ctesiph.
1330 965 1412 1008 135
1436 967 1480 1008 in
1504 967 1772 1008 universum.
1802 965 1889 1008 Eos

249 1048 367 1091 vero,
387 1035 462 1094 qui
484 1035 668 1093 optimos
688 1049 735 1077 se
758 1041 852 1078 esse
872 1034 1178 1091 gloriabantur
1199 1037 1375 1079 virtutis
1398 1037 1642 1093 magistros,
1664 1035 1889 1094 sophistas,

249 1107 413 1166 primos
456 1105 566 1151 tales
606 1105 763 1149 fecisse
807 1105 1107 1161 collectiones,
1151 1106 1343 1165 Hippiae
1386 1107 1484 1150 Elei
1528 1107 1776 1165 exemplum
1819 1107 1890 1151 de·

250 1183 463 1222 monstrat
490 1177 564 1234 (cf.
596 1175 734 1221 Clem.
766 1176 894 1221 Alex.
925 1176 1080 1221 Strom.
1112 1177 1187 1233 VI,
1219 1179 1259 1232 2,
1294 1178 1378 1231 15).

259 1305 261 1308 ,
369 1248 524 1307 Neque
556 1247 672 1292 ullus
702 1250 894 1292 occurrit
924 1265 1076 1293 versus
1109 1251 1154 1292 in
1187 1249 1475 1307 Theognidea
1507 1250 1782 1304 collectione,
1814 1252 1888 1308 qui

251 1321 536 1380 posteriorum
568 1326 813 1378 temporum
846 1320 1038 1364 indolem
1072 1321 1243 1364 habeat.

371 1391 536 1450 ltaque,
563 1391 615 1435 'ut
643 1390 854 1435 brevibus
887 1392 1239 1450 complectamur,
1270 1407 1382 1450 quae
1415 1392 1749 1450 disputavimus,
1782 1392 1891 1436 hacc

253 1470 320 1509 est
349 1469 498 1508 nostra
527 1462 584 1506 de
615 1464 927 1521 compositione
961 1463 1234 1507 collectionis
1264 1464 1580 1520 Theognideae
1613 1465 1773 1522 opinio.

253 1606 385 1651 lectio
425 1606 541 1651 facta
581 1612 663 1659 est,
705 1607 830 1649 cuius
866 1605 971 1649 ordo
1011 1607 1046 1649 is
1084 1606 1185 1660 fuit,
1225 1607 1300 1663 qui
1339 1605 1605 1649 describitur
1647 1622 1673 1649 a
1709 1605 1889 1649 Platone

253 1678 402 1723 verbis
433 1676 497 1735 ,ἐκ
528 1676 693 1722 πάντων
722 1677 940 1734 κεφάλαια
972 1676 1220 1729 ἐκλέξαντες
1250 1677 1325 1720 καί
1355 1693 1472 1729 τινας
1507 1673 1615 1728 gia<
1654 1677 1794 1734 ῥήσεις
1831 1677 1891 1728 εἰς

200 1548 237 1858 (Δ
372 1534 443 1578 Ex
478 1535 688 1592 genuinis
724 1533 1001 1592 Theognidis
1038 1535 1239 1579 versibus
1280 1537 1366 1578 iam
1405 1537 1556 1593 quinto
1597 1534 1771 1578 sacculo
1807 1534 1891 1578 col-

183 1784 185 1786 -
252 1747 383 1796 ταύτό
414 1746 744 1805 ξυναγαγόντΰςῖ

372 1820 663 1879 Theognidca
693 1835 797 1864 vero
828 1822 982 1878 poesis,
1014 1835 1112 1863 cum
1141 1819 1351 1877 plurimas
1379 1821 1625 1863 contineret
1652 1821 1892 1863 sententias

189 1888 214 1946 ³,
253 1891 439 1938 morales
469 1891 543 1950 (cf.
574 1906 719 1950 praec.
739 1900 892 1936 versus
914 1891 970 1934 ad
993 1891 1191 1949 Cyrnum
1221 1892 1422 1948 scriptos)
1450 1892 1597 1934 nescio
1620 1906 1674 1933 an
1697 1890 1891 1933 omnium

253 1964 479 2023 aptissima
510 1964 646 2008 fuerit
676 1963 733 2007 ad
764 1963 880 2007 hanc
912 1962 1181 2021 excerpendi
1216 1970 1259 2005 ct
1281 1961 1521 2019 colligendi
1545 1962 1771 2005 rationem.
1797 1961 1889 2003 Iam

254 2041 346 2079 tum
378 2034 576 2079 adiuncti
610 2042 713 2079 sunt
742 2034 986 2079 alienorum
1024 2034 1213 2089 (Solonis
1252 2036 1505 2092 praecipue)
1543 2049 1695 2076 versus
1731 2033 1889 2091 partim

254 2107 422 2162 mutati,
455 2106 530 2150 ubi
562 2107 881 2151 sententiarum
914 2106 1195 2150 cohaerentia
1233 2105 1496 2163 postulabat,
1536 2106 1694 2163 partim
1730 2105 1889 2161 integri

255 2178 414 2223 relicti.
456 2178 549 2222 Iam
589 2185 680 2222 tum
719 2178 852 2222 etiam
895 2179 1112 2235 genuinos
1159 2177 1468 2235 Theognideos
1512 2191 1664 2219 versus
1707 2182 1891 2219 mutatos

213 2230 219 2310 J
255 2265 350 2294 csse
383 2252 429 2294 in
463 2265 586 2294 usum
624 2248 919 2308 compilatoris
955 2265 1010 2291 ex
1051 2248 1293 2292 alienorum
1332 2263 1536 2291 versuum
1579 2246 1891 2291 mutationibus

212 2315 217 2391 ἱ
255 2320 555 2380 colligendum
599 2328 674 2365 est.
719 2319 950 2379 Reliquiae
988 2319 1086 2363 talis
1126 2319 1398 2362 collectionis
1435 2325 1669 2376 supersunt
1712 2320 1756 2361 in
1797 2334 1890 2361 vcr-

213 2399 218 2438 'a
255 2392 376 2437 sibus
410 2391 596 2436 1—-756,

212 2458 223 2540 ἰ
374 2462 482 2507 Pars
519 2463 563 2506 II
604 2470 648 2507 ct
679 2462 747 2506 ΙΙΙ
780 2464 1042 2519 compositae
1075 2468 1176 2504 sunt
1213 2461 1269 2503 ad
1307 2459 1581 2503 convivalem
1620 2476 1757 2503 usum.
1796 2460 1892 2503 Plu·

219 2541 233 2598 lx
257 2536 370 2579 rima
400 2550 457 2578 cx
487 2535 684 2591 genuino
714 2531 976 2589 Theognide
1010 2532 1203 2575 hausisse
1237 2532 1413 2575 videtur
1445 2531 1711 2589 compilator,
1736 2531 1890 2575 multos

231 2601 410 2650 {versus
442 2606 487 2648 in
526 2620 650 2649 suum
685 2619 807 2647 usum
843 2605 1046 2658 mutavit,
1090 2611 1136 2646 ut
1177 2618 1327 2646 versus
1367 2604 1540 2661 repetiti
1580 2603 1893 2657 demonstrant,

258 2676 366 2720 alios
407 2691 462 2719 cx
505 2674 604 2718 aliis
645 2675 785 2733 poetis
832 2674 1041 2732 elegiacis
1086 2674 1154 2716 vel
1211 2680 1395 2716 mutatos
1446 2674 1516 2716 vel
1570 2690 1654 2716 non
1708 2680 1892 2717 mutatos

260 2747 436 2792 adiecit.
466 2747 554 2801 Qui
587 2753 675 2790 tres
708 2745 785 2789 has
817 2745 1099 2789 collectiones
1123 2747 1165 2788 in
1191 2760 1320 2788 unam
1344 2744 1578 2802 redegerit,
1600 2746 1700 2788 sciri
1730 2746 1893 2803 nequit.
