2176 3554
277 433 583 481 argumentum
621 426 677 468 ad
716 428 807 468 cius
844 428 996 482 poesin
1033 429 1287 484 pertineret.
1335 430 1470 474 Vides
1509 434 1638 476 nimis
1677 436 1908 478 artificiose

277 496 357 538 hoc
391 499 686 553 excogitatum
720 513 811 540 esse
847 505 889 539 ot
921 500 1002 540 niti
1029 514 1182 555 parum
1219 501 1349 542 certis
1385 506 1666 558 argumentis.

393 570 587 613 Verbum
622 570 904 628 ,συ’“,’“,κς>αμιι,ιαι
946 574 1032 615 iam
1070 572 1278 615 Sitzlerus
1320 574 1469 618 delere
1508 576 1657 631 voluit,
1689 578 1742 620 cf.
1774 578 1909 635 praef.

275 641 331 684 ad
363 642 557 697 Theogn.
593 642 696 684 edit.
726 658 766 699 p.
799 644 838 697 4,
872 644 970 686 adn.
1003 643 1070 697 27,
1105 659 1203 686 cum
1243 652 1469 700 statueret,
1508 646 1762 704 σύγγραμμα
1799 647 1908 704 glos-

275 728 393 755 sema
437 728 545 766 osse,
591 713 893 770 depron‘iptum
940 730 995 756 ex
1036 714 1170 757 verbo
1212 714 1504 773 συγγράψειεν,
1543 717 1658 774 quod
1701 720 1907 776 sequitur.

274 784 387 825 Sanc
420 783 602 825 offendit
632 786 780 840 poesin
817 785 1036 842 quandam
1069 785 1321 844 σύγγραμμα
1354 789 1589 843 nominari,
1627 796 1674 831 ut
1705 789 1908 846 pedestre

273 870 389 911 opus.
422 853 509 896 Sed
541 855 683 897 simile
717 856 822 912 quid
857 858 986 899 etiam
1021 859 1245 900 invenitur
1284 859 1400 915 apud
1438 859 1640 916 Xenoph.
1671 860 1801 903 Mem.
1831 860 1915 915 IV,

273 927 312 980 2,
345 925 488 966 9—12
523 932 563 968 ct
600 925 668 979 IV,
702 926 740 980 2,
776 929 812 981 1,
845 927 919 969 ubi
955 936 997 970 et
1028 928 1380 985 philosophorum
1414 932 1572 987 scripta
1607 938 1649 972 et
1683 939 1907 988 poetarum

272 1012 400 1053 opera
433 995 744 1053 συγγράμματα
777 999 1070 1041 nominantur.

390 1067 509 1110 Talis
562 1069 825 1123 significatio
870 1085 1046 1126 poeseos
1089 1086 1263 1129 prorsus
1308 1073 1597 1129 sophistarum
1647 1075 1905 1131 sapientiam

271 1141 439 1196 resipit,
488 1139 540 1181 cf.
582 1154 725 1197 praec.
769 1141 877 1184 Plat.
924 1143 1037 1184 Prot.
1080 1143 1185 1198 316,
1226 1143 1301 1186 ubi
1344 1143 1456 1186 Prot.
1496 1144 1723 1187 contendit
1759 1151 1907 1202 poetas

271 1212 383 1267 ipsos
421 1210 633 1267 sophistas
673 1218 715 1253 et
758 1227 849 1254 esse
875 1215 939 1254 ‘et
982 1208 1128 1256 fuisse.
1168 1214 1221 1258 ef,
1267 1221 1319 1256 et.
1353 1214 1461 1257 Plat.
1498 1215 1602 1272 Lys.
1641 1230 1740 1273 pag.
1778 1217 1905 1272 214³,

269 1281 343 1324 ubi
387 1284 599 1339 ποιητῶν
635 1284 883 1326 testimonia
919 1294 1236 1341 componuntur
1276 1301 1374 1328 cum
1418 1282 1803 1343 ,συγγράμμασί
1826 1289 1906 1331 τῶν

270 1353 549 1409 σεφωτοίτ(ι)ν“.

387 1426 496 1478 Quis
518 1441 620 1468 vero
644 1427 726 1468 fuit
755 1434 904 1470 auctor
933 1428 1063 1471 huius
1090 1429 1357 1485 fragmenti?
1390 1430 1610 1487 Bergkius
1634 1437 1769 1487 putat,
1796 1431 1906 1474 haec

270 1512 360 1539 esse
401 1497 539 1540 verba
581 1498 776 1541 eiusdem
818 1498 1068 1543 Aristotelis
1107 1500 1271 1557 dialogi
1320 1500 1412 1558 περὶ
1453 1500 1678 1558 εὐγενείας,
1724 1518 1779 1545 ex
1821 1517 1904 1561 quo

268 1568 388 1610 aliud
411 1569 706 1625 fragmentum
729 1570 962 1625 antecedit,
987 1571 1205 1614 excidisse
1230 1574 1345 1614 enim
1374 1572 1495 1615 aliud
1524 1588 1578 1615 ex
1609 1573 1902 1632 Xenophonte

268 1648 542 1698 excerptum,
580 1641 759 1684 fortasse
791 1642 922 1698 Ages.
954 1642 993 1696 I,
1035 1644 1061 1684 2
1097 1649 1139 1684 et
1171 1658 1228 1685 ex
1259 1641 1476 1687 lemmate
1498 1643 1627 1687 huius
1665 1645 1902 1702 fragmenti

267 1727 491 1769 superesse
534 1727 692 1755 nomen
737 1713 1060 1771 Xenophontis,
1104 1716 1293 1771 primum
1340 1722 1486 1758 autem
1538 1716 1672 1759 fuisse
1725 1717 1900 1760 titulum

267 1782 585 1840 ,Ἀριστοτέλευς
617 1783 665 1827 ἐκ
697 1787 769 1827 τοῦ
806 1784 896 1842 περὶ
928 1783 1164 1840 εὐγενείαςῖ
1195 1786 1319 1828 Idem
1354 1788 1485 1829 etiam
1519 1789 1768 1831 coniecerat
1788 1789 1899 1832 Rau-

266 1855 460 1898 schiusl.
483 1855 508 1897 l.
512 1864 775 1913 ,antequam
805 1856 1031 1912 Bergkii,
1035 1857 1194 1899 Poetae
1223 1857 1370 1900 lx11c1
1398 1866 1598 1915 qualtum
1628 1860 1735 1903 editi
1764 1869 1901 1904 erant.

383 1926 442 1968 At
484 1934 634 1970 contra
670 1927 777 1970 facit
819 1928 1122 1990 intelpretatio
1170 1944 1376 1971 velsuum
1418 1930 1591 1987 qualem
1635 1932 1682 1973 in
1726 1931 1899 1989 dialogo

265 1996 357 2053 περὶ
394 1996 599 2053 εὐγενείας
639 1998 711 2052 (cf.
749 1998 865 2041 Stob
899 1999 989 2042 flor.
1010 1999 1095 2059 86,
1128 1999 1202 2054 25)
1241 1999 1520 2043 Alistotelem
1560 2001 1732 2045 dedisse
1769 2018 1900 2060 supra

264 2067 467 2110 vidimus.
498 2069 803 2112 Adversantur
836 2072 954 2112 enim
986 2071 1224 2127 fragmenti
1256 2071 1393 2114 veiba
1425 2071 1583 2115 haece:
1617 2072 1653 2115 οἱ
1685 2071 1729 2116 δὲ
1751 2074 1899 2117 πολλοὶ

264 2138 311 2181 ἐκ
344 2139 499 2184 τούτων
533 2143 613 2184 τῶν
648 2139 754 2184 ἐπῶν
790 2140 943 2185 οἶενται
972 2142 1042 2185 τὸν
1075 2142 1250 2199 ποιητήν
1282 2142 1683 2203 πολυτΞρ-ῃμσύνην
1715 2147 1796 2188 τῶν
1826 2144 1897 2190 ἀν-

263 2210 438 2267 θρώπων
471 2214 729 2269 κατηγορεῖν,
763 2212 835 2255 καὶ
867 2189 961 2256 otu-cl.
996 2213 1223 2271 χρημάτων
1259 2213 1447 2270 ἀγένειαν
1484 2215 1556 2259 καὶ
1593 2215 1745 2259 κακίαν
1782 2216 1897 2261 ἀντι-

211 2273 213 2275 ·
262 2282 644 2326 καταλλαττεσῧαι
685 2283 879 2336 εἰδοτας
925 2285 1062 2339 (Stob.
1102 2286 1167 2328 ed.
1206 2287 1340 2329 Mein.
1372 2287 1440 2329 III
1480 2303 1520 2343 p.
1556 2287 1655 2340 161,
1700 2288 1752 2330 31
1789 2291 1894 2346 sqq.)

198 2356 203 2361 '
262 2354 375 2396 Nam
407 2354 479 2395 hic
511 2356 693 2397 reicitur
727 2370 777 2397 ea
811 2357 903 2412 ipsa
936 2357 1237 2412 inteipretatio
1269 2373 1475 2400 versuum
1512 2357 1599 2401 183
1622 2373 1726 2415 sqq„
1766 2373 1894 2436 quam

263 2424 519 2468 Alistoteles
546 2426 706 2482 dialogi
743 2428 835 2470 loco
867 2443 998 2484 supra
1029 2428 1203 2471 laudato
1235 2430 1412 2486 piofeit.

381 2498 517 2539 Immo
549 2500 584 2539 si
617 2499 725 2540 haec
759 2501 1079 2556 comparaveris
1112 2515 1209 2542 cum
1244 2500 1374 2542 dictis
1405 2500 1620 2557 Diogenis
1643 2509 1685 2544 et
1707 2501 1895 2545 Cratetis

263 2584 392 2624 supra
424 2572 681 2625 memoratis,
714 2571 838 2613 vides
872 2571 1024 2613 eodeni
1062 2571 1188 2614 modo
1227 2571 1425 2614 homines
1464 2588 1561 2615 cum
1601 2572 1752 2615 bestiis
1784 2588 1896 2616 com-

261 2641 405 2696 parari
428 2655 478 2682 ac
501 2642 754 2698 vituperari,
777 2642 891 2698 quod
913 2642 1109 2685 bestias
1132 2644 1295 2699 magis
1319 2651 1485 2698 curent,
1507 2659 1636 2701 quam
1663 2659 1716 2687 se
1744 2646 1892 2702 ipsos.

378 2712 486 2753 Iam'
502 2712 620 2768 apud
650 2712 876 2756 Platonem
910 2715 1136 2756 invenitur
1168 2714 1277 2756 haec
1300 2717 1578 2771 comparatio,
1604 2722 1646 2758 et
1666 2715 1892 2759 Platonem

263 2782 336 2825 illo
368 2782 460 2825 loco
493 2785 539 2825 in
571 2793 717 2826 mente
750 2784 954 2827 habuisse
977 2800 1128 2827 versus
1159 2786 1241 2828 183
1262 2801 1350 2842 sqq.
1382 2786 1479 2843 plus
1501 2801 1630 2843 quam
1652 2787 1890 2831 verisimile

263 2862 337 2897 est.
370 2855 423 2897 cf.
454 2869 597 2911 praec.
629 2854 736 2897 Plat.
774 2856 881 2912 Rep.
917 2855 1095 2908 459stbd,
1128 2856 1385 2912 quibuscum
1419 2872 1544 2913 porro
1584 2858 1636 2899 cf.
1670 2857 1785 2915 legg.
1815 2849 1891 2913 IV,

263 2926 383 2981 7210,
415 2926 490 2981 VI,
525 2925 643 2981 7750,
677 2926 797 2982 VIII,
830 2927 941 2971 838e
974 2943 1063 2985 sqq.
1079 2928 1117 2970 ¹³.

378 3102 451 3135 adn.
485 3103 532 3135 13.
566 3102 632 3135 Hoc
659 3102 755 3135 etiam
783 3103 852 3136 loco
884 3104 1020 3143 quodam
1054 3103 1224 3138 'themistii
1257 3105 1298 3138 cs.
1331 3101 1544 3145 Βασανίστης
1578 3100 1668 3137 248d
1700 3105 1885 3139 confirmari

259 3158 398 3201 videtur,
417 3158 472 3191 ubi
491 3158 700 3202 Themistius,
720 3161 891 3201 postquam
911 3159 1049 3193 Platon
1062 3160 1146 3193 icas
1163 3160 1337 3201 exscripsit
1356 3160 1550 3205 sententias,
1569 3161 1615 3193 sic
1635 3161 1764 3203 pergit:
1789 3156 1887 3205 ,Ἄρα
