2176 3554
926 263 1219 308 ..33-

249 370 399 413 inonet
429 370 649 425 convivas,
681 378 730 415 ut
759 369 1048 430 reconciliare
1079 369 1286 414 studeant
1316 370 1538 413 rixantes.
1564 368 1623 412 At
1654 367 1889 427 respondet

226 434 374 496 ῧὲοτ,
394 440 510 486 nihil
522 429 839 487 alm
814 441 945 500 Spem
977 441 1060 486 sibi
1095 441 1294 486 solatium
1326 439 1540 499 praebere
1571 438 1891 484 v.1135—50.

319 507 581 557 Versibus
613 513 722 557 1151
748 529 809 572 sq.
836 499 1254 557 redii-imm
1278 511 1404 567 illud,
1429 511 1544 570 quod
1565 510 1678 555 alter
1699 512 1890 555 minatus

251 592 347 629 erat
375 600 415 629 v.
451 586 564 630 1095
585 601 656 645 sq„
695 602 749 629 ne
782 585 956 629 tolleret
992 586 1230 629 amicitiam
1269 584 1479 628 malorum
1520 582 1755 627 calumniis
1791 596 1889 627 con·

250 656 366 700 fisus.
405 657 494 701 Sed
535 664 787 716 perseverat
828 657 939 700 alter
985 659 1028 700 in
1078 656 1311 700 laudandis
1353 655 1526 699 divitiis
1568 663 1613 699 et
1654 654 1891 713 voluptate,
1951 647 2171 724 fczjstsm

249 724 364 772 alter
395 730 440 772 in
470 729 762 787 temperantia
795 735 840 772 et
870 729 1033 771 virtute
1067 728 1121 771 cf.
1154 743 1194 771 v.
1230 726 1344 771 1153
1363 741 1424 786 sq.
1456 734 1500 770 et
1534 725 1648 771 1155
1672 741 1734 785 sq.

368 799 482 844 Tum
513 802 645 844 tertia
676 814 825 844 rursus
855 813 1041 857 persona
1073 799 1195 843 litem
1223 798 1434 842 dirimere
1460 797 1645 842 studet
1634 814 1678 841 in
1704 814 1745 841 v.
1774 797 1885 842 1157

251 862 440 916 -1160,
477 864 650 926 Quibus
676 867 877 915 versibus
905 870 1058 914 finitur
1087 878 1310 914 certamen
1344 869 1596 914 inchoatum
1628 885 1668 912 v.
1690 868 1778 914 993
1798 884 1888 928 sqq.

249 940 434 987 Arbiter
464 943 583 986 enim
616 943 872 986 certaminis
903 943 966 985 ita
998 941 1182 996 iudicat,
1221 949 1269 986 ut
1306 944 1401 1000 pari
1435 943 1577 1000 pretio
1608 941 1789 985 divitias
1818 955 1889 984 vo-

250 1011 549 1071 luptatemque
581 1028 631 1056 ac
669 1014 930 1071 sapientiam
969 1013 1284 1057 aestimandam
1323 1012 1464 1067 dicat3
1502 1020 1735 1072 utrumque
1770 1014 1887 1056 enim

245 1083 415 1142 ἄμαχον
453 1099 560 1129 esse.
601 1084 778 1129 Deinde
820 1084 896 1128 alii
942 1086 1254 1142 symposiastae
1298 1092 1474 1128 cantum
1520 1086 1766 1143 excipiunt,
1810 1083 1885 1127 ubi
1948 1126 1950 1130 ,

245 1169 346 1200 cum
387 1156 609 1200 interdum
654 1171 958 1214 responsorum
1000 1158 1191 1213 vestigia
1230 1171 1316 1200 non
1362 1158 1447 1199 iam
1483 1164 1742 1214 appareant,
1786 1171 1884 1199 cum

247 1227 501 1273 Nietzschio
538 1228 718 1272 lacunas
756 1228 1008 1271 statuendas
1047 1243 1139 1271 esse
1178 1235 1293 1286 puto.
1326 1227 1424 1283 Quo
1460 1229 1730 1272 recentiores
1765 1229 1884 1271 enim

247 1307 350 1344 sunt
389 1299 582 1356 codices,
619 1315 670 1345 eo
708 1300 835 1358 plura
874 1301 1029 1343 iterata
1066 1301 1284 1344 omittunt.
1324 1299 1445 1354 Quas
1483 1298 1663 1343 lacunas
1693 1298 1750 1343 ab
1781 1300 1886 1342 satis

247 1371 427 1430 antiquo
467 1377 662 1430 tempore
714 1371 978 1429 repetendas
1030 1386 1140 1426 esse,
1192 1376 1311 1414 recte
1359 1377 1507 1413 monet
1557 1369 1779 1428 Bergkius
1829 1369 1884 1413 ad

247 1447 289 1487 ν’.
322 1442 434 1487 1157
467 1458 538 1501 sq„
571 1444 617 1487 in
649 1442 852 1487 omnibus
884 1442 1110 1486 codicibus
1148 1444 1326 1486 omissos
1367 1449 1411 1485 et
1449 1457 1476 1484 a
1505 1443 1646 1499 primo
1677 1440 1885 1486 'I'urnebo

247 1521 367 1559 recte
400 1517 622 1559 restitutos
654 1530 709 1558 ex
741 1514 858 1559 Stob.
891 1514 981 1558 flor.
1015 1515 1084 1569 91,
1115 1515 1183 1557 26.

309 1588 311 1590 ’
365 1586 488 1630 Inter
518 1602 564 1630 se
596 1586 862 1645 respondent
898 1586 1006 1630 1161
1032 1601 1091 1643 sq.
1124 1601 1147 1628 e
1179 1601 1249 1628 vv.
1270 1584 1359 1629 409
1379 1600 1439 1643 sq.
1472 1585 1678 1642 expressi,
1700 1598 1881 1642 quorum

246 1671 453 1702 versuum
491 1665 696 1716 tanquam
737 1657 1027 1715 παρονομασία
1063 1664 1164 1700 sunt
1204 1660 1327 1714 (quos
1363 1655 1486 1699 Plato
1523 1656 1619 1699 sine
1660 1654 1794 1698 dubio
1836 1656 1880 1698 in

248 1735 394 1774 mente
427 1729 595 1783 habuit,
629 1729 744 1786 legg.
777 1729 914 1772 729b:
947 1727 1065 1773 παισὶ
1102 1726 1147 1772 δὲ
1179 1727 1280 1772 αἰδῶ
1317 1726 1399 1786 χρὴ
1432 1726 1613 1784 πολλὴν,
1652 1726 1698 1770 οὐ
1734 1725 1884 1783 χρυσὸν

242 1803 508 1854 καταλιπεῖν)
541 1809 585 1845 et
622 1818 661 1843 v.
692 1800 900 1844 441—46
939 1808 1032 1858 post
1074 1800 1186 1843 1162
1228 1800 1417 1856 repetiti.
1454 1799 1574 1842 Bene
1613 1799 1731 1841 enim
1771 1798 1879 1841 haec

241 1873 358 1917 inter
395 1888 443 1916 se
481 1880 640 1916 coeunt
677 1871 855 1926 ,αἰτοῦσι
891 1870 1016 1915 δίδουι
1054 1871 1123 1923 ,da
1161 1870 1425 1928 petentibus‘
1465 1878 1509 1913 et
1546 1885 1586 1913 v.
1614 1870 1696 1914 441
1749 1867 1881 1920 οὐδεὶς

151 1967 153 1969 ·
239 1942 320 2002 γάρ
341 1942 461 1989 πάντ’
488 1943 578 1989 ἐστὶ
599 1942 836 1998 πανόλβιος.
867 1958 907 1986 v.
934 1943 1046 1987 1163
1069 1958 1129 2000 sq.
1151 1941 1419 1999 respondent
1443 1940 1644 1984 versibus
1668 1940 1758 1985 442
1778 1955 1879 1999 sqq.,

111 882 186 923 s

241 2030 339 2059 cum
374 2017 418 2059 in
452 2017 647 2074 utrisque
681 2014 884 2059 laudetur
915 2012 1172 2071 σωφροσύνη.

358 2086 470 2130 'rum
516 2093 777 2145 repetuntur
821 2101 862 2128 v,
906 2085 1112 2128 97—100
1156 2091 1199 2127 et
1240 2083 1463 2138 415-18,
1513 2085 1587 2141 qui
1633 2084 1678 2126 in
1724 2082 1875 2126 eodem

240 2156 384 2214 φιλίας
415 2166 459 2202 et
489 2155 657 2215 ὁμιλίας
687 2164 946 2216 argumento
978 2165 1222 2200 versantur.
1259 2155 1382 2199 Idem
1415 2154 1604 2212 ἑταιρίας
1635 2161 1679 2197 et
1709 2151 1878 2211 ὁμιλίας

238 2236 547 2287 argumentum
585 2230 869 2274 continuatur
907 2230 1037 2272 etiam
1077 2227 1363 2285 sequentibus
1400 2225 1602 2270 versibus
1643 2240 1779 2284 usque
1821 2225 1875 2268 ad

238 2315 279 2344 v.
313 2300 438 2344 1170.
468 2300 581 2344 Tum
615 2300 817 2344 laudatur
846 2298 990 2357 γνώμη
1023 2307 1067 2342 et
1096 2297 1241 2356 ἀρετ-η’,
1264 2297 1523 2356 reprobatur
1549 2291 1670 2355 ὕβρις
1690 2304 1734 2340 et
1753 2295 1877 2354 κόρος

237 2385 374 2431 usque
406 2371 461 2415 ad
494 2386 533 2414 v.
569 2372 694 2416 1178.
726 2372 826 2415 Post
857 2387 897 2414 v,
932 2370 1044 2414 1178
1077 2377 1339 2427 repetuntur
1376 2384 1418 2412 v.
1448 2367 1536 2411 555
1558 2382 1636 2426 sq.‚
1668 2368 1742 2425 qui
1776 2382 1872 2410 cum

235 2442 522 2501 sequentibus
563 2442 675 2486 1179
708 2458 769 2502 sq.
813 2442 1050 2486 cohaerent
1093 2442 1312 2484 sententia
1354 2438 1494 2494 βιοὺς
1534 2437 1682 2492 αἰδοῦ“,
1715 2437 1874 2496 quibus

237 2527 385 2557 rursus
421 2515 606 2573 oppositi
645 2521 746 2558 sunt
783 2529 823 2557 v.
858 2514 966 2558 1181
999 2528 1076 2571 sq.‚
1109 2526 1194 2556 non
1235 2525 1328 2555 esse
1361 2511 1485 2555 nefas
1522 2517 1761 2567 tyrannum
1798 2508 1873 2552 tol-

237 2583 329 2628 lere
360 2585 434 2638 (cf.
465 2584 627 2629 scolion
660 2585 715 2628 de
750 2583 988 2627 Harmodio
1022 2592 1064 2626 et
1096 2582 1428 2640 Aristogitone).

354 2654 650 2714 Sequentibus
686 2657 834 2712 agitur
874 2670 1008 2712 usque
1047 2654 1102 2697 ad
1142 2669 1181 2696 v.
1216 2653 1331 2697 1190
1367 2651 1422 2696 de
1459 2651 1553 2702 νόος
1591 2648 1871 2708 (σωφροσύνη)

237 2732 281 2771 et
312 2725 581 2785 δυσφροσύνη.
611 2741 651 2768 v.
673 2725 758 2768 367
781 2741 842 2783 sq.
874 2734 967 2783 post
1003 2725 1115 2768 1184
1148 2731 1407 2781 repetuntur
1438 2723 1645 2766 contrarii
1668 2720 1872 2779 quadam-

234 2806 364 2842 tenus
395 2795 760 2841 antecedentibus
795 2796 866 2849 (cf.
897 2796 959 2845 ai)
992 2811 1032 2838 v.
1068 2795 1178 2839 1187
1214 2803 1279 2838 est
1311 2795 1498 2838 imitatio
1530 2807 1683 2838 versus
1717 2792 1812 2836 727.

356 2869 579 2927 Deinceps
610 2866 892 2912 cohaerentia
922 2868 1238 2910 sententiarum
1271 2864 1455 2909 obseura
1477 2872 1552 2919 est,
1579 2866 1776 2923 privatae
1804 2879 1872 2906 ros

182 2939 183 2942 ’
237 2939 304 2984 his
336 2939 536 2983 versibus
569 2946 822 2995 tanguntur.

352 3011 519 3054 Tamen
553 3011 805 3054 convivium
837 3017 881 3053 et
913 3016 1088 3052 cantum
1122 3008 1370 3051 continuari
1405 3006 1550 3049 elucet
1582 3020 1637 3049 ex
1670 3020 1710 3049 v·
1747 3005 1871 3059 1203,

237 3081 363 3136 1207,
397 3081 522 3135 1217,
554 3089 599 3126 et
629 3080 1000 3126 necessitudinem
1032 3078 1254 3139 quandam
1285 3091 1522 3135 cognosces
1556 3078 1671 3120 inter
1693 3089 1733 3120 v.
1757 3075 1870 3120 1203
