2176 3554
945 288 1239 333 ...31—

272 402 318 440 et
352 410 395 440 v.
429 395 563 440 1023:
602 393 752 441 οὔποτε
790 396 880 448 τοῖς
916 394 1176 454 impotem
1210 392 1301 439 ὑπὸ
1337 392 1481 449 ζυγὸν
1520 389 1710 448 αὗχίνα
1749 389 1909 445 Erico,

272 481 360 526 qno
389 467 648 526 responderi
679 466 736 512 ad
766 483 807 511 v.
842 467 956 512 1015
985 473 1179 526 apparet.

296 531 318 536 ”
363 531 365 533 ’
396 540 512 584 1023
542 555 603 598 sq.
635 539 802 583 Mimne
875 540 887 582 i
921 554 1014 583 esse
1045 537 1255 583 videntur
1286 535 1493 595 Bergkio,
1525 534 1757 593 eidemque
1779 534 1911 577 etiam

274 618 396 656 reete
439 618 487 655 ut
526 619 631 669 puto
674 554 920 654 ffiig'vit
964 609 1273 664 1007-1012,
1316 623 1417 652 nam
1459 605 1639 651 Tmolus
1681 612 1748 649 est
1789 619 1912 648 mons

277 682 468 742 Lydiae,
500 692 544 727 et
585 681 810 741 Colophon
850 680 1127 739 Smyrnaque
1169 679 1318 735 urbes,
1354 693 1538 738 quarum
1577 677 1789 722 alterutra
1818 684 1914 722 erat

276 755 420 812 patria
451 754 717 808 Mimnermi,
747 767 878 811 saepe
911 754 1134 811 expositae
1166 759 1293 795 erant
1323 751 1548 809 Lydorum
1578 747 1915 794 incursionibus.

397 825 469 870 Ad
500 841 541 868 v.
574 825 689 870 1025
719 839 780 882 sq.
810 823 923 867 alter
954 822 1189 882 respondet
1220 839 1261 866 v.
1294 823 1406 867 1027
1439 838 1500 880 sq.

397 897 498 941 Post
526 911 568 940 v.
602 897 715 941 1038
747 902 990 954 sequuntur
1030 895 1116 940 853
1147 910 1208 954 sq.
1247 895 1409 939 Differt
1445 894 1526 938 hoc
1566 890 1816 950 exemplum
1849 905 1914 933 re-

274 968 502 1026 petitionis
531 982 558 1011 a
588 966 887 1025 sequentibus,
917 965 1035 1024 quod
1067 981 1154 1009 non
1189 967 1234 1010 in
1272 973 1396 1024 parte
1428 965 1467 1020 1,
1504 979 1634 1023 quam
1671 964 1912 1013 statuimus,

275 1038 475 1097 syllegae
506 1038 584 1082 sed
548 1037 1139 1107 wit.
1172 1036 1336 1081 Versus
1367 1038 1494 1095 ipsos,
1521 1050 1620 1079 cum
1651 1050 1731 1093 per
1755 1049 1802 1077 se
1826 1047 1912 1077 non

274 1109 517 1169 praebeant
554 1111 819 1154 sententiam
858 1104 1099 1152 absolutam
1141 1116 1186 1151 et
1225 1108 1483 1167 perfectam,
1523 1122 1578 1150 ex
1619 1107 1805 1165 pristina
1847 1119 1915 1148 co·

275 1180 505 1226 haerentia
535 1182 853 1225 sententiarum
885 1188 1090 1238 exceptos
1116 1195 1210 1223 osse
1231 1186 1431 1238 apparet,
1451 1193 1583 1236 quae,
1603 1176 1746 1236 qualis
1767 1175 1915 1229 fuerit,

166 1288 181 1294 -
274 1251 593 1296 subobscurum
632 1260 710 1295 est.
750 1252 897 1295 Primo
934 1251 1047 1306 loco,
1084 1251 1158 1294 ubi
1198 1257 1452 1304 occurrunt,
1483 1250 1650 1308 pariter
1679 1253 1810 1306 atque
1843 1246 1915 1299 hic

276 1324 501 1368 antecedit
541 1325 660 1368 notio
696 1323 981 1367 fraudandi
1021 1323 1097 1378 (cf.
1132 1338 1173 1366 v.
1205 1323 1391 1380 851152)
1430 1330 1473 1365 et
1511 1321 1620 1365 haec
1659 1335 1790 1363 causa
1821 1334 1916 1362 esse

278 1394 468 1452 videtur,
499 1410 579 1439 cur
609 1397 742 1440 etiam
774 1395 847 1439 hic
880 1397 1057 1453 repetiti
1091 1397 1190 1438 sint.

395 1466 509 1511 'hun
552 1482 702 1511 rursus
747 1467 968 1511 hilarioris
1010 1469 1129 1510 vitae
1175 1466 1368 1510 laudatio
1418 1466 1638 1523 profertur
1681 1463 1737 1507 ab
1779 1462 1918 1506 altero

277 1539 340 1594 (V.
376 1538 696 1592 1039-1042).
733 1537 822 1582 Sed
861 1538 972 1582 altor
1009 1545 1173 1596 perstat
1213 1540 1255 1580 in
1297 1538 1544 1581 morositate
1581 1550 1660 1578 sua
1690 1542 1735 1578 et
1764 1532 1918 1577 adhor-

281 1616 422 1665 tatur,
453 1617 502 1654 ut
539 1609 736 1654 cubitum
770 1618 874 1654 eant
904 1626 946 1654 v.
986 1610 1097 1653 1043
1125 1624 1203 1667 sq„
1240 1609 1355 1667 quod
1392 1608 1469 1652 ille
1506 1608 1636 1651 reicit
1671 1622 1712 1648 v.
1745 1605 1918 1650 1045—

283 1681 398 1726 1048
430 1682 588 1725 iterum
622 1681 875 1725 adhortatus
908 1681 963 1725 ad
997 1681 1403 1725 comminutionem.

398 1768 438 1796 v.
464 1753 695 1797 1049—54
718 1755 858 1797 virtus
879 1769 1028 1796 rursus
1050 1752 1381 1796 commendatur
1404 1751 1460 1795 ab
1482 1750 1632 1804 altero,
1661 1748 1739 1792 sed
1768 1748 1918 1806 iniquo

276 1825 425 1869 animo
455 1825 660 1883 repudiat
692 1825 801 1868 haec
832 1823 944 1868 alter
977 1823 1124 1867 verbis
1155 1822 1270 1868 ἀλλὰ
1302 1821 1424 1879 λόγον
1456 1821 1531 1879 μὲν
1562 1824 1710 1865 τοῦτον
1740 1818 1919 1876 ἐάσομεν

279 1899 339 1950 (ν.
383 1896 519 1951 1055)
558 1904 603 1939 et
642 1896 801 1939 hilaria
843 1898 1016 1939 cantica
1057 1897 1183 1953 petit,
1222 1895 1380 1953 quibus
1418 1895 1566 1937 nescio
1604 1909 1659 1936 an
1699 1891 1788 1935 ullo
1826 1890 1919 1934 loco

281 1966 444 2012 clarius
470 1970 745 2026 exprimatur
774 1968 1002 2011 altercatio
1032 1968 1147 2010 inter
1174 1966 1283 2009 duas
1309 1965 1380 2009 vel
1409 1966 1556 2023 plures
1583 1977 1800 2022 personas.
1829 1961 1918 2005 Sed

281 2041 612 2098 praeceptivum
634 2054 879 2083 sermonem
901 2038 1013 2082 altor
1034 2054 1182 2082 rursus·
1204 2039 1375 2095 repetit,
1396 2036 1511 2096 quod
1535 2035 1718 2093 indigne
1740 2033 1918 2078 tandem

282 2110 370 2154 fert
400 2109 522 2160 alter,
554 2125 654 2154 eum
685 2111 742 2155 ad
774 2127 814 2154 v.
851 2112 954 2154 1061
984 2126 1067 2168 sq.:

550 2196 600 2252 ,οἱ
631 2196 706 2254 μὶν
736 2197 815 2256 γάρ
847 2197 1073 2255 κακότητα
1105 2195 1456 2253 κατακρύψαντας
1487 2193 1648 2250 ἔχουσιν
1721 2202 1728 2244 ⁸,

623 2266 834 2328 πλούτῳ,
869 2268 933 2313 τοὶ
964 2267 1199 2325 &siper-&v
1231 2266 1432 2324 οὐλομένῃ
1465 2265 1582 2322 πενίῃ

285 2353 519 2412 respondet
551 2369 589 2396 ν.
627 2354 737 2398 1067
759 2368 821 2412 sq.

728 2439 778 2485 τί
805 2455 876 2497 μοι
906 2438 1124 2490 πλοῦτός
1155 2453 1202 2481 τι
1233 2437 1306 2481 καὶ
1337 2435 1483 2490 αἰδώς

650 2509 877 2568 τιρπωλή
909 2512 1004 2570 νικᾷ
1036 2508 1174 2554 πάντα
1204 2511 1277 2553 σὺν
1307 2507 1554 2565 εὐφροσύνῃ,

284 2595 544 2655 quibuscum
586 2597 885 2656 coniungendi
929 2607 1029 2641 sunt
1072 2613 1110 2640 v.
1147 2597 1258 2640 1069
1286 2611 1358 2654 sq„
1403 2604 1446 2639 ct
1487 2594 1709 2648 877-78,
1753 2596 1827 2652 qui
1874 2595 1917 2636 in

285 2666 513 2711 codicibus
543 2676 786 2727 sequuntur
817 2677 911 2727 post
943 2684 982 2712 v.
1018 2667 1142 2711 1070.

405 2738 507 2782 Post
537 2738 654 2783 hunc
688 2754 859 2783 versum
893 2738 1016 2783 multi
1051 2746 1310 2796 repetuntur
1341 2752 1489 2781 versus
1527 2755 1551 2781 c
1589 2739 1729 2795 prima
1766 2736 1919 2780 collec-

288 2811 423 2854 tionis
454 2817 598 2869 parte:

405 2897 445 2926 v.
478 2881 713 2927 1071-74
744 2882 955 2925 contracti
987 2888 1090 2925 sunt
1119 2895 1176 2924 ex
1208 2880 1425 2924 213—18.

404 2968 444 2997 v.
486 2953 770 2998 1081·-82“’
809 2968 865 2997 ex
904 2968 942 2995 ν.
980 2951 1157 2995 39-42
1194 2953 1277 2996 orti
1316 2959 1428 2996 sunt.
1470 2951 1568 2995 Post
1602 2966 1640 2994 v.
1686 2951 1822 2995 1082⁶
1858 2967 1919 2995 sc·

287 3032 481 3083 quuntur
512 3041 551 3068 v.
584 3024 773 3069 87—90.

407 3095 465 3140 Ut
495 3104 650 3140 cantus
678 3095 874 3140 alternus
911 3104 1110 3139 servetur
1148 3103 1193 3137 et
1231 3093 1534 3151 intellegatur,
1569 3107 1649 3136 eur
1686 3092 1731 3136 hi
1770 3107 1920 3136 versus

951 3201 1051 3214 Α.
