2176 3554
948 329 1237 369 -28—

396 436 454 478 lli
488 442 587 479 suut
620 435 869 478 Aristotelis
901 436 997 489 loci,
1030 436 1341 477 memoratione
1380 435 1525 490 digni,
1557 435 1632 477 ubi
1667 437 1829 478 mentio
1861 436 1910 478 fit

182 528 185 530 ‡
223 536 230 541 «
275 505 559 563 Theognidis.
591 505 806 550 Omnibus
839 506 906 548 his
938 505 1046 548 locis
1068 506 1399 560 demonstratur,
1430 520 1580 548 versus
1601 505 1909 563 Theognideos

273 576 497 620 Aristoteli
534 579 712 635 eiusque
745 579 875 620 aetati
912 578 1156 620 notissimos
1188 577 1334 620 fuisse.
1466 562 1550 582 *²⁹

391 648 553 691 Omnes
585 648 844 706 philosophi,
878 663 982 705 quos
1014 648 1159 691 adhuc
1186 649 1481 701 tractavimus,
1510 647 1754 689 scholarum
1784 654 1909 690 erant

272 726 485 774 auctores,
519 719 757 776 discipulos
789 719 1029 774 habebant,
1063 719 1139 762 sed
1173 735 1226 762 ex
1268 719 1393 775 eopia
1431 717 1742 774 discipulorum
1778 719 1908 774 scrip-

270 798 410 834 torum
443 806 584 848 pauca
615 791 751 834 solum
785 798 1019 849 supersunt
1051 791 1309 847 fragmenta,
1343 805 1452 847 quac
1486 804 1571 831 non
1606 789 1839 842 sufficiunt,
1860 795 1909 830 ut

271 868 472 905 accurate
505 862 802 905 demonstrare
835 851 1067 919 possimus,
1100 868 1262 919 quanta
1294 861 1428 903 fuerit
1460 859 1734 916 Theognidis
1765 866 1908 902 aueto-

269 935 373 975 ritas
415 934 530 990 apud
575 949 664 988 eos,
708 934 784 976 sed
824 933 1190 991 acquiescendum
1231 933 1356 975 nobis
1399 940 1479 987 est,
1522 948 1617 974 eum
1666 931 1905 984 statuimus,

269 1004 505 1062 discipulos
538 1006 620 1048 hae
653 1007 695 1047 in
731 1021 778 1047 rc
812 1007 1119 1062 magistrorum
1151 1006 1340 1061 vestigia
1373 1011 1541 1047 secutos
1575 1019 1680 1046 esse.

386 1076 455 1118 Ex
487 1078 760 1120 secundariis
793 1077 930 1120 solum
959 1077 1153 1120 sontibus
1176 1077 1385 1134 colligere
1417 1091 1659 1133 possumus,
1695 1081 1902 1132 quantum

267 1163 417 1191 versus
453 1149 536 1192 183
568 1164 656 1207 sqq.
689 1148 884 1204 Theogn.
918 1148 1141 1192 valuerint
1172 1148 1289 1206 apud
1322 1147 1513 1205 Cynicos
1547 1161 1780 1203 eorumque
1818 1159 1906 1187 sec-

266 1227 437 1265 tatores.

384 1292 575 1351 Cynicos
617 1294 918 1337 acerbissimos
956 1295 1090 1337 fuisse
1131 1296 1332 1337 inimicos
1372 1301 1419 1336 ut
1457 1294 1649 1335 omnium
1693 1282 1903 1334 bonorum

266 1371 557 1420 externorum,
591 1367 648 1408 ita
684 1367 815 1408 etiam
848 1365 1091 1408 nobilitatis
1114 1366 1354 1422 sanguinis,
1387 1372 1535 1407 notum
1566 1370 1640 1406 est.
1671 1362 1783 1405 Inde
1805 1375 1905 1419 quo-

264 1450 347 1492 que
379 1436 526 1491 fiebat,
562 1443 608 1480 ut
641 1452 712 1480 eas
740 1439 951 1492 notiones,
975 1452 1084 1494 quae
1112 1438 1331 1494 principio
1353 1435 1578 1493 politicum
1603 1434 1674 1477 vel
1697 1432 1902 1476 socialem

263 1505 485 1550 habebant
525 1524 716 1563 sensum,
758 1509 812 1551 ad
857 1509 1065 1552 moralem
1106 1511 1242 1552 vitam
1286 1507 1585 1550 transferrent.
1634 1505 1726 1548 Hoc
1769 1505 1900 1547 etiam

262 1578 424 1621 factum
466 1586 528 1622 est
566 1580 620 1622 de
662 1582 837 1624 notione
880 1580 1151 1637 εὐγενείας,
1198 1595 1283 1637 qua
1324 1581 1370 1621 in
1407 1595 1456 1621 re
1499 1579 1560 1621 eis
1603 1575 1801 1620 nonnulli
1837 1591 1898 1618 so-

260 1649 431 1706 phistae
463 1650 706 1707 praeibant,
738 1658 785 1694 ut
816 1650 1074 1695 Aristoteles
1097 1658 1280 1694 testatur
1303 1652 1348 1693 in
1372 1641 1545 1706 dialogo
1567 1647 1658 1706 περὶ
1680 1646 1897 1705 εὐγενείας.

262 1721 314 1763 of.
346 1720 462 1765 Stob.
484 1722 575 1765 flor.
608 1723 675 1778 86,
699 1724 767 1780 24,
799 1724 874 1766 ubi
899 1724 1161 1781 Lyeophron
1190 1722 1382 1780 sophista
1404 1721 1678 1765 nobilitatem
1701 1720 1897 1763 nomina-‚t

260 1790 375 1836 κενόν
406 1809 446 1836 τ’.
477 1791 654 1850 πάμπαν
695 1801 736 1837 et
770 1795 878 1838 haec
917 1796 1081 1852 profert
1118 1795 1172 1837 dc>
1211 1793 1418 1850 εὐγένειαι
1454 1791 1677 1850 ,εὐγενείας
1715 1789 1789 1849 μὲν
1828 1782 1897 1834 οὐν

257 1862 418 1920 ἀφανὲς
440 1863 486 1908 τὸ
507 1864 680 1923 κάλλος,
707 1866 746 1910 ἐν
770 1868 880 1925 λόγῳ
910 1866 1023 1911 δὲτὸ
1054 1867 1231 1923 σεμνόνὲ
1265 1866 1351 1908 Hic
1381 1872 1646 1908 concurrunt
1678 1863 1895 1921 sophistae

258 1941 301 1978 et
333 1934 505 1992 Cynici.
538 1937 649 1980 Nam
685 1954 766 1995 quo
790 1939 915 1982 modo
937 1938 1224 1981 Antisthenes
1260 1940 1571 1994 interpretatus
1600 1937 1655 1978 sit
1676 1933 1893 1990 εὐγένειαν,
1925 1946 1927 1948 ·

259 2009 458 2063 cognosci
498 2015 639 2065 potest
678 2026 730 2052 ex
771 2011 886 2053 dieto
925 2009 1221 2064 Antisthenis,
1264 2008 1378 2066 quod
1416 2014 1635 2051 servatum
1674 2013 1737 2048 est
1778 2005 1894 2062 apud

258 2077 386 2134 Diog.
418 2078 562 2122 Laert.
594 2080 668 2136 VI,
703 2081 779 2123 10:
813 2081 929 2135 ,τούς
962 2079 1115 2131 αὐτούς
1148 2079 1364 2134 εὐγενεῖς
1391 2077 1489 2130 τούς
1516 2077 1588 2122 καὶ
1616 2076 1893 2135 ἐναρέτουςι

259 2156 301 2192 ct
332 2149 547 2206 Diogenis
582 2151 738 2208 Cynici
775 2153 938 2195 dietum
974 2153 1102 2208 Diog.
1135 2152 1183 2193 L.
1215 2151 1290 2205 VI,
1324 2150 1402 2193 72:
1436 2148 1713 2205 ,εὐγενείας
1745 2149 1789 2193 δὲ
1821 2148 1893 2193 καὶ

257 2219 382 2272 δόξας
415 2220 487 2265 καὶ
526 2222 580 2266 τοὶ
612 2225 786 2267 τοιαῦτα
822 2224 963 2269 πάντα
994 2223 1175 2274 διέπαιζε
1215 2220 1555 2279 προκοσμήματα
1593 2221 1749 2274 κακίας
1789 2217 1892 2265 εἶναι

257 2291 396 2348 λέγων.
417 2294 468 2335 cf.
491 2300 544 2336 et.
559 2293 673 2338 Stob.
691 2295 759 2352 86,
779 2297 853 2338 19:
880 2294 1236 2351 εὐγενέστατοι
1259 2293 1294 2337 οἱ
1316 2295 1675 2350 καταφρονοῦντες
1698 2291 1888 2348 πλούτου,

257 2362 392 2421 δόξης,
414 2360 583 2422 ἡδονῆς,
607 2368 728 2424 ζῳῆς·

373 2433 511 2478 Aliud
542 2436 757 2494 Diogenis
789 2438 955 2480 dictum
994 2437 1110 2495 apud.
1146 2436 1258 2479 Plut.
1296 2435 1350 2478 de
1391 2435 1534 2493 cupid.
1567 2436 1655 2480 div.
1696 2435 1737 2490 7,
1769 2450 1890 2492 prae-

257 2513 369 2549 stare
413 2508 640 2564 Μεγαρέως
676 2505 779 2554 εἶναι
815 2509 948 2571 >epp-ov
992 2505 1020 2566 ἢ
1062 2507 1324 2555 υἱὸν,1·οοῐε
1368 2506 1631 2550 Welckerus
1672 2506 1795 2564 proll.
1834 2507 1889 2550 ad

256 2576 451 2634 Theogn.
484 2578 586 2622 edit.
617 2595 715 2637 pag.
746 2581 874 2624 LVII
905 2581 960 2624 ad
992 2565 1264 2637 Theognidis
1296 2593 1446 2622 versus
1481 2578 1564 2622 183
1598 2593 1685 2635 sqq.
1722 2578 1888 2621 referre

255 2648 441 2692 videtur.
481 2648 708 2694 Consentit
744 2652 970 2709 Diogenes
1008 2667 1106 2694 cum
1139 2649 1411 2707 Theognide,
1443 2649 1520 2692 sed
1554 2665 1602 2692 eo
1635 2649 1888 2693 discrimine

257 2720 526 2777 interposito,
565 2728 613 2764 ut
650 2722 874 2780 Theognis
907 2730 1114 2781 queratur
1146 2722 1202 2765 dc
1240 2723 1455 2778 sanguine
1495 2721 1748 2778 depravato,
1787 2721 1890 2764 Dio-

256 2806 391 2846 genes
424 2791 478 2834 de
511 2794 654 2835 animo
686 2794 964 2853 moribusque
997 2794 1336 2851 Megarensium.

374 2861 636 2906 Eorumdem
670 2881 873 2909 versuum
907 2867 1169 2910 sententiam
1207 2866 1401 2922 reperies
1440 2863 1555 2921 apud
1589 2863 1721 2905 alium
1755 2863 1888 2920 Cyni-

256 2947 364 2987 cum,
399 2934 444 2975 in
478 2935 599 2991 epist.
632 2935 787 2979 XXIV
820 2936 1026 2992 Cratetis,
1059 2952 1185 2994 quam
1228 2935 1459 2993 epistulam
1499 2936 1575 2977 etsi
1617 2949 1703 2977 non
1735 2937 1887 2991 genui-

253 3018 367 3057 nam,
398 3011 544 3048 tamen
578 3006 798 3050 falsarium
834 3008 1074 3051 confecisse
1095 3008 1304 3065 genuinis
1326 3004 1729 3065 fontibusCy-nicis
1762 3022 1886 3049 usum

254 3090 380 3118 nemo
424 3076 606 3133 negabit
654 3078 725 3133 (cf.
770 3079 964 3135 Marcks‚
1010 3079 1149 3137 symb.
1195 3069 1299 3121 crit.
1335 3077 1388 3120 ad
1435 3075 1681 3134 epistologr.
1726 3072 1883 3121 Graec.

254 3146 378 3189 Bonn
415 3148 527 3191 1883
558 3163 654 3206 pag.
697 3149 749 3192 15
784 3156 826 3192 et
861 3150 925 3193 18.
963 3151 1012 3193 R..
1050 3150 1239 3205 Heinze,
1278 3148 1417 3191 Rhen.
1455 3147 1564 3190 Mus.
1600 3146 1657 3190 45
1695 3163 1734 3205 p.
1767 3148 1883 3205 508).
