2176 3554
912 322 1205 364 —40-

364 429 529 472 Eadem
567 429 807 471 acerbitate
847 428 901 470 dc
946 428 1206 484 Theognide
1249 428 1414 470 iudicat
1452 429 1652 474 Lucianu
1726 433 1779 474 cf.
1820 433 1874 476 de

244 516 373 542 melo.
407 500 530 543 cond.
553 513 591 541 ³.
625 500 692 542 De
726 499 881 541 iisdem
904 515 973 541 vv.
999 499 1081 541 173
1104 514 1191 556 sqq.
1198 501 1382 555 agitur·
1416 516 1503 556 και
1522 517 1712 559 αποχοην
1733 502 1876 556 αὐτοῖς

245 571 486 627 νομίζουσιν,
511 587 546 614 ει
570 570 724 625 λέγοιεν
746 568 802 620 ὡς
825 568 1066 627 ξυγγνώμης
1089 568 1202 621 ἄξιον
1223 573 1381 614 ποιοῦσι
1402 588 1448 615 το
1471 573 1775 627 χαλεπώτατον
1798 578 1877 618 τῶν

248 641 287 684 ἐν
309 643 366 699 τῷ
400 641 471 696 βίῳ
494 641 570 698 τήν
604 641 740 684 πενίαν
766 643 977 696 διαφυγεῖν
998 644 1243 698 ζητοῦντες·
1267 636 1361 686 εἶτα
1389 640 1408 685 ὅ
1431 643 1636 699 Θέογνις
1663 645 1877 703 πρόχειρος

245 712 317 755 καὶ
350 712 452 755 πολι)
491 713 537 756 τὸ
574 714 688 768 ,πᾶς
720 711 812 768 γοὶρ
848 711 967 769 ἀνὴρ
1008 712 1147 769 πενίῃ
1189 714 1510 771 δεδμημένοςί
1550 714 1622 758 καὶ
1651 712 1732 759 ὅσα
1764 715 1878 761 ἄλλα

246 784 424 840 δείματα
443 782 542 841 ὑπὲρ
576 786 656 840 τῆς
682 783 824 835 πενίας
848 783 883 827 οἱ
904 782 1267 839 ἀγεννέστατοι
1288 786 1368 828 τῶν
1391 788 1571 842 ποιητῶν
1594 784 1879 844 ἐξενηνόχασιν

247 880 303 885 —
336 855 451 897 idem
484 855 668 898 verbum
699 854 911 912 ἀγεννής
951 856 1082 898 etiam
1115 870 1140 898 a
1176 855 1288 899 Plut.
1326 856 1381 899 de
1413 857 1609 914 Theogn.
1647 865 1880 915 usurpatur

249 926 301 968 cf.
323 925 378 967 de
411 925 507 968 aud.
529 933 639 982 poet.
664 926 690 967 2
717 951 764 956 —
791 932 833 968 ct
863 927 907 968 in
942 926 1094 969 eadem
1127 926 1220 970 fere
1252 929 1568 971 sententiarum
1601 928 1882 972 cohaerentia

251 998 294 1038 in
316 996 497 1053 Apolog.
520 997 591 1038 10:
616 996 689 1052 ,Τὸ
708 994 781 1052 μὲν
803 995 882 1053 γὰρ
906 995 1191 1053 Θεόγνιδος,
1216 993 1295 1041 κᾶν
1317 997 1375 1055 μή
1398 998 1517 1054 λέγω,
1533 999 1608 1050 τίς
1631 998 1718 1042 οὐκ
1739 996 1879 1055 οἶδεν,

251 1066 323 1109 οὐκ
358 1065 636 1118 ἀπαξιοῦντος
664 1067 736 1110 καὶ
767 1066 810 1118 ἐς
834 1066 1084 1125 βαὲτυκήτεα
1117 1067 1263 1112 πόντον
1296 1069 1409 1125 σφοὶς
1440 1068 1591 1121 αὐτοὺς
1624 1071 1776 1128 ῥιπτεῖν
1809 1070 1883 1114 καὶ

248 1137 360 1180 κατὰ
394 1141 582 1196 κρημνῶν
615 1155 661 1194 γε
691 1137 922 1196 ἠλιβάτων,
954 1139 992 1183 εἰ
1021 1140 1166 1196 μέλλοι
1199 1156 1263 1191 τις
1294 1136 1423 1193 οὕτως
1455 1140 1773 1199 ἀποδοοίσεσὲιαι
1806 1142 1883 1199 τὴν

250 1209 388 1252 πενίαν
399 1225 410 1263 ;

370 1280 494 1334 Quae
526 1283 561 1323 si
596 1297 818 1338 compalas
852 1297 950 1325 cum
982 1283 1133 1325 Bionis
1164 1283 1282 1326 dicto
1313 1299 1380 1341 ap.
1411 1283 1523 1327 Plut.
1555 1284 1610 1327 de
1642 1274 1763 1341 poet.
1785 1284 1883 1327 aud.

251 1366 285 1392 c.
317 1352 345 1394 4
377 1351 431 1394 de
465 1352 619 1395 iisdem
653 1353 871 1408 versibus,
910 1353 1130 1410 Cynicum
1169 1355 1333 1422 fontem
1356 1355 1489 1420 apud
1527 1356 1773 1398 Lucianum
1804 1361 1885 1398 sta-

951 1408 1119 1422 Ν

252 1423 329 1464 tim
361 1422 615 1479 adgnosces,
647 1424 761 1481 quod
794 1426 925 1467 etiam
960 1426 1241 1469 confirmatur
1275 1428 1352 1481 eis,
1391 1442 1502 1484 quae
1522 1420 1660 1470 huie
1671 1426 1765 1470 Ioco
1796 1427 1885 1469 Lu-

253 1494 405 1536 cianeo
436 1495 706 1538 antecedunt
738 1510 924 1553 eumque
956 1498 1249 1554 sequuntu1²¹

370 1565 635 1608 Posteriores
658 1565 824 1609 Stoicos
847 1574 889 1611 et
911 1569 1110 1625 antiquos
1140 1569 1332 1626 Cynicos
1360 1570 1513 1612 affines
1537 1571 1652 1613 inter
1674 1585 1720 1612 sc
1742 1569 1887 1624 fuisse,

253 1641 401 1678 notum
443 1643 519 1679 est.
559 1637 655 1679 Hoc
696 1638 887 1681 Musonii
929 1654 1099 1696 quoque
1140 1646 1324 1683 testatur
1366 1640 1504 1696 locus,
1546 1642 1619 1698 qui
1663 1642 1888 1684 invenitur

253 1707 367 1763 apud
399 1707 515 1751 Stob.
548 1708 637 1751 flor.
670 1708 741 1763 56,
777 1709 829 1752 18
861 1710 924 1765 (II
954 1725 994 1767 p.
1021 1710 1106 1754 336
1139 1725 1227 1768 sqq.
1259 1711 1421 1765 Mein.).

399 1824 412 1847 t
458 1821 504 1859 1?-

258 1838 466 1888 πολῦῖ-ιλοκος
498 1852 529 1876 m
562 1840 769 1886 πολύφρονος
801 1844 922 1886 optime
955 1844 1093 1887 quadrat
1123 1846 1164 1879 ad
1190 1845 1344 1887 Cynicum
1369 1846 1580 1888 Stoicumque
1607 1855 1743 1881 morem.
1776 1847 1888 1888 Neque

257 1898 343 1931 enim
371 1899 568 1933 verebantur
594 1908 725 1934 versum
751 1901 917 1942 verbaque
944 1902 1082 1946 mutare,
1109 1902 1165 1935 ubi
1190 1910 1312 1936 sensus
1343 1905 1377 1936 et
1407 1902 1646 1936 sententiarum
1678 1903 1888 1936 cohaerentia

258 1955 476 1996 postulabant.
504 1956 544 1989 cf.
573 1958 615 1990 et.
643 1956 791 1990 eiusdem
817 1965 935 1991 versus
962 1957 1043 1991 alias
1074 1958 1273 1992 mutationes
1305 1959 1390 2000 apud
1423 1958 1562 1992 eundem
1597 1959 1676 1993 t‘lul.
1708 1959 1748 1992 de
1773 1959 1886 1992 solert.

257 2012 356 2044 anim.
382 2021 408 2044 c.
437 2014 478 2045 27
508 2014 539 2045 et
566 2015 695 2053 quaest.
723 2016 830 2048 natur.
858 2023 885 2047 c.
918 2015 969 2048 19.
997 2014 1150 2048 Parodias
1168 2016 1228 2048 has
1246 2015 1444 2050 mutationes
1462 2015 1630 2049 nominare
1646 2015 1769 2049 licebit.
1796 2015 1889 2050 Hunc

258 2076 380 2100 morem
407 2087 452 2091 —
478 2068 706 2111 μεταγράφειν
735 2070 816 2105 Plut.
845 2079 918 2104 eum
945 2072 1092 2105 nominat
1118 2089 1161 2094 —
1194 2071 1320 2105 Stoicos
1352 2073 1385 2105 ct
1415 2071 1551 2113 Cynicos
1582 2072 1758 2114 praecipue
1796 2080 1888 2105 exer-

258 2124 379 2167 cuisse,
407 2125 506 2157 multa
532 2129 611 2158 sunt
636 2127 796 2168 exempla.
823 2128 864 2160 cf.
891 2136 918 2160 e.
937 2136 968 2169 g.
996 2127 1089 2171 Plut.,
1116 2128 1155 2160 de
1181 2129 1255 2161 aud.
1282 2131 1368 2169 poet.
1396 2126 1585 2171 Xll—Xlll,
1612 2129 1667 2162 ubi
1693 2129 1782 2162 varia
1808 2128 1888 2163 affe-

258 2186 376 2214 runtur
402 2183 548 2223 exempla
575 2183 725 2225 Zenonis,
753 2184 935 2228 Chrysippi,
963 2184 1141 2228 cleanthis,
1167 2184 1381 2219 Antisthenis.

378 2237 514 2272 Eosdem
541 2247 659 2273 versus
685 2240 717 2273 in
744 2241 954 2282 proverbium
979 2241 1117 2284 abiisse,
1151 2250 1251 2283 supra
1283 2242 1610 2276 commemoravimus
1642 2245 1674 2276 ct
1700 2241 1890 2276 notissimos

260 2293 374 2337 fuisse,
401 2295 565 2329 testantur
589 2296 706 2329 Julian.
735 2296 891 2339 misopog.
920 2297 947 2331 11
973 2306 1004 2339 p.
1032 2298 1112 2342 451,
1140 2298 1160 2331 4
1187 2297 1313 2340 (Hertl.)
1347 2299 1379 2331 et
1410 2298 1544 2340 parodia
1577 2307 1627 2340 ap.
1657 2298 1807 2332 Philostr.
1833 2299 1889 2331 vit.

261 2351 352 2391 soph.
382 2351 403 2392 l,
430 2353 459 2384 5.

379 2408 452 2440 adn.
481 2408 536 2441 21.
563 2409 663 2446 Quam
690 2417 790 2451 saepe
816 2411 876 2443 boc
902 2411 942 2443 de
968 2412 1162 2452 paupertate
1195 2413 1228 2444 et
1259 2395 1381 2444 divitiis
1415 2414 1645 2453 argumentum
1678 2412 1753 2445 inde
1786 2422 1804 2445 a
1837 2421 1890 2445 so-

261 2463 443 2503 phistarum
469 2465 670 2506 temporibus
696 2467 870 2500 tractatum
898 2467 1008 2510 suerit,
1036 2468 1158 2508 optime
1183 2468 1350 2502 testantur
1376 2467 1449 2501 libri
1476 2469 1615 2502 90-97
1644 2469 1731 2502 Stob.
1759 2470 1828 2502 llor.

380 2519 476 2553 Tituli
503 2522 615 2554 horum
643 2522 798 2556 librorum
827 2523 859 2556 et
885 2525 1031 2565 exempla
1065 2524 1163 2558 allata
1195 2525 1422 2558 demonstrant
1452 2525 1627 2566 primordia
1661 2526 1775 2559 horum
1805 2526 1893 2567 capi-

262 2576 329 2609 tum
357 2578 532 2618 repetenda
560 2586 634 2611 esse
660 2590 678 2611 a
705 2579 909 2621 philosophis
943 2580 1071 2613 Stoicis.
1109 2580 1317 2614 Memorabile
1349 2583 1457 2614 autem
1489 2582 1669 2622 permultos
1702 2581 1894 2623 Euripideos

265 2641 382 2666 versus
414 2634 523 2677 citari,
557 2642 651 2675 quem
685 2635 776 2668 valde
803 2637 972 2677 acceptum
1005 2637 1105 2669 fuisse
1137 2636 1263 2678 Cynicis
1297 2637 1497 2679 Stoicisque,
1533 2639 1642 2671 notum
1670 2640 1731 2671 est.
1757 2638 1893 2680 Saepius

265 2689 360 2722 ctiam
387 2690 417 2723 id
444 2691 612 2724 observari
639 2693 746 2733 potest
771 2693 855 2733 apud
883 2692 970 2726 Stob.
997 2702 1114 2726 versus
1139 2694 1287 2735 geminos
1314 2695 1455 2728 mutatos
1474 2703 1549 2727 esse
1572 2697 1670 2736 atque
1689 2695 1731 2728 ita
1750 2695 1890 2737 quidem,

267 2748 300 2778 ut
326 2747 385 2778 hac
411 2747 589 2780 mutatione
617 2748 785 2781 titulorum
811 2751 1004 2790 argumento
1022 2750 1228 2791 adaptentur.
1248 2749 1315 2783 Non
1334 2751 1474 2792 primum
1494 2751 1666 2784 Stobaeum
1687 2752 1745 2784 hoc
1763 2751 1893 2787 fecisse.

265 2802 322 2835 sed
349 2803 487 2836 Stoicam
513 2804 672 2837 rationem
699 2805 760 2838 hoc
786 2806 944 2847 resipere,
970 2814 1167 2847 persuasum
1195 2807 1309 2840 habeo.
1343 2807 1457 2848 Itaque
1484 2808 1573 2841 recte
1599 2807 1677 2841 dicit
1703 2807 1807 2848 Diels,
1835 2806 1890 2841 Rh.

266 2857 346 2891 Mus.
366 2859 420 2901 30,
447 2868 477 2900 p.
503 2859 575 2899 180,
604 2862 644 2892 2:
674 2860 773 2897 ,Auch
801 2860 888 2895 Stob.
915 2862 1021 2896 selbst
1046 2871 1135 2904 resp.
1157 2864 1271 2896 seine
1298 2863 1466 2902 Quellen
1487 2864 1580 2904 passt
1597 2863 1660 2897 den
1680 2863 1759 2897 Text
1777 2863 1892 2897 seinen

266 2914 412 2955 Capiteln
438 2912 503 2947 anf
535 2917 574 2948 cl.
603 2918 635 2949 et
672 2917 706 2950 Ο.
742 2917 984 2961 Bernhardt,
1018 2918 1074 2952 Rh.
1108 2919 1188 2952 Mus.
1222 2918 1321 2963 XVII,
1354 2920 1421 2952 465
1448 2928 1521 2961 sqq.
1554 2919 1681 2962 Hense,
1713 2919 1780 2953 Act.
1814 2919 1896 2953 Phil.

266 2970 398 3003 llitschl.
426 2970 462 3013 ll,
493 2973 505 3005 l
535 2980 607 3013 sqq.
637 2971 803 3006 Librorum
830 2969 967 3008 86—97
996 2977 1147 3008 auctores
1179 2975 1306 3008 Stoicos
1332 2975 1435 3008 ruisse
1468 2975 1615 3018 Stobaei,
1643 2975 1728 3008 tituli
1753 2975 1893 3017 probare

266 3027 344 3059 mihi
375 3026 538 3060 videntur.
574 3028 618 3061 lta
650 3028 737 3061 enim
770 3030 908 3063 ordinati
942 3031 1018 3064 sunt
1052 3031 1084 3064 hi
1111 3032 1201 3075 libri,
1235 3033 1269 3064 ut
1296 3031 1436 3072 primum
1462 3031 1589 3065 collecti
1615 3031 1795 3065 afferantur
1821 3032 1892 3075 loci,

269 3082 322 3122 qui
355 3083 514 3116 affirmant
546 3085 743 3117 sententiam
776 3086 1009 3130 praemissam,
1042 3089 1108 3120 tum
1143 3091 1324 3130 sequantur
1355 3088 1434 3128 loci,
1462 3088 1517 3129 qui
1543 3087 1746 3129 impugnant.
1775 3087 1892 3121 Eadem

268 3139 364 3179 igitur
390 3142 441 3173 cst
466 3141 547 3173 ratio
573 3149 669 3182 quam
696 3142 871 3176 adhibitam
898 3144 1036 3177 vidimus
1063 3145 1094 3177 in
1123 3145 1243 3178 Teletis
1269 3145 1470 3187 aliorumque
1496 3145 1656 3178 diatribis.

1946 702 2150 808 2777-
