2176 3554
909 291 1191 331 -66—

237 404 403 456 partem
441 397 486 439 II
524 411 649 453 quam
684 402 851 452 partem
884 395 954 436 1³⁴.
999 394 1136 437 Cuius
1173 396 1237 437 rei
1276 410 1385 452 quae
1424 396 1557 438 fuerit
1594 411 1740 450 causa,
1779 410 1866 438 non

237 469 417 512 difficile
452 475 515 511 est
547 468 690 509 dictu:
731 467 871 522 magis
909 467 1031 508 novit
1067 473 1237 523 partem
1273 467 1318 508 II
1356 468 1580 524 magisque
1618 466 1728 509 haee
1769 479 1867 509 eum

239 541 487 593 delectavit,
520 538 633 595 quod
666 539 757 594 ipse
791 553 883 579 eam
919 537 974 579 ad
1006 537 1193 579 similem
1226 552 1351 580 usum
1385 543 1693 594 composuerat.

359 610 486 664 Quod
516 611 673 651 attinet
705 609 759 650 ad
791 615 978 664 tempus,
1010 623 1093 665 quo
1126 615 1219 651 orta
1249 609 1306 651 sit
1337 608 1447 651 haec
1478 608 1720 665 appendix,
1757 608 1870 650 nihil

241 683 347 726 mihi
380 682 550 724 obstare
583 680 771 734 videtur,
803 681 908 736 quin
942 679 1124 734 Hillero,
1157 681 1252 721 viro
1285 679 1544 733 doctissimo,
1574 680 1872 733 assentiamur,

241 770 337 796 cum
380 753 497 794 dicat
539 751 691 793 Fleck.
732 750 857 792 Jhrb.
905 751 987 793 123
1026 766 1124 807 pag.
1163 751 1274 793 471:
1315 752 1461 804 ,Diese
1508 776 1555 781 —
1597 750 1689 792 scil.
1722 764 1874 793 versus

242 826 375 881 partis
406 824 471 865 ΙΙΙ
493 849 550 854 -
572 822 757 864 machen
791 824 836 863 in
870 822 948 864 der
976 822 1222 864 schlichten
1249 822 1447 878 Eleganz
1469 822 1547 864 der
1576 820 1875 877 Darstellung,

243 898 298 937 im
333 895 414 937 Stil
447 895 529 936 wie
563 896 620 935 im
654 893 939 947 Wortschatz,
974 893 1134 936 ebenso
1167 893 1279 936 auch
1313 895 1358 935 in
1398 893 1476 936 der
1508 893 1591 936 Art
1623 893 1701 935 der
1733 892 1878 935 home-

241 966 416 1008 rischen
439 965 818 1020 Nachahmungen
843 964 1062 1007 durchaus
1084 965 1208 1007 nicht
1232 965 1318 1007 den
1341 964 1584 1019 Eindruck,
1600 964 1679 1006 der
1701 963 1877 1007 alexan-

242 1036 497 1079 drinischen
530 1036 635 1078 oder
666 1051 746 1092 gar
779 1035 857 1077 der
889 1036 1136 1078 romischen
1169 1036 1268 1078 Zeit
1290 1035 1622 1092 anzugeho'ren‘,
1646 1037 1716 1078 cui
1745 1036 1875 1078 etiam

244 1108 492 1151 Corsennus
536 1107 792 1149 adsentitur.
830 1106 876 1149 Si
918 1122 1021 1149 vero
1062 1107 1172 1150 haec
1203 1122 1302 1164 pars
1335 1114 1436 1149 ante
1475 1106 1875 1168 Alexandrinorum

243 1186 428 1222 aetatem
470 1186 563 1222 orta
601 1185 680 1232 est,
721 1180 854 1221 etiam
893 1194 991 1235 pars
1027 1179 1072 1220 ΙΙ
1110 1178 1382 1221 collectionis
1416 1178 1520 1220 huic
1552 1179 1686 1225 aetati
1718 1177 1878 1220 adscri-

243 1252 390 1294 benda
434 1258 513 1305 est,
560 1265 658 1292 cum
700 1251 979 1292 statuerimus
1020 1266 1155 1292 unum
1200 1251 1425 1307 utriusque
1467 1256 1687 1292 auctorem
1730 1249 1876 1293 fuisse.

245 1323 469 1365 Amatoria
500 1328 643 1364 autem
678 1322 912 1379 appendix,
946 1337 1043 1365 cum
1078 1321 1225 1364 nullus
1250 1338 1304 1364 ex
1328 1337 1379 1364 ea
1405 1323 1564 1363 citetur
1586 1336 1737 1362 versus
1763 1319 1880 1376 apud

245 1394 382 1437 ullum
414 1395 670 1450 scriptorem
702 1395 1002 1450 posteriorem,
1034 1408 1135 1436 mox
1167 1393 1221 1435 ab
1253 1392 1424 1449 reliqua
1456 1392 1726 1439 collectionis
1758 1396 1880 1447 parte

247 1472 446 1522 separata
488 1480 580 1507 esse
618 1465 806 1507 videtur.
847 1464 992 1522 Atque
1033 1466 1078 1506 in
1116 1471 1318 1521 promptu
1357 1471 1420 1507 est
1465 1479 1542 1506 cur
1581 1462 1880 1505 interciderit:

248 1536 483 1594 permultos
516 1537 634 1578 enim
665 1552 818 1578 versus
850 1551 937 1578 non
971 1551 1063 1578 esse
1096 1535 1404 1591 Theognideos
1441 1535 1576 1577 multo
1613 1534 1789 1577 facilius
1827 1548 1882 1575 ex

248 1615 369 1665 parte
390 1608 456 1650 III
479 1623 609 1665 quam
629 1623 684 1650 ex
704 1615 827 1664 parte
851 1608 891 1650 II
914 1609 1116 1663 cognosci
1141 1623 1192 1650 ae
1215 1609 1345 1650 statui
1370 1613 1550 1664 poterat.
1574 1606 1685 1648 Nam
1708 1620 1882 1669 prorsus

249 1679 511 1722 abhorrebat
533 1681 642 1721 ratio
665 1679 818 1721 horum
847 1694 1052 1721 versuum
1081 1679 1135 1721 ab
1166 1678 1312 1721 indole
1342 1679 1435 1720 eius
1462 1683 1627 1735 poetae,
1649 1692 1778 1734 quem
1799 1677 1884 1719 vir—

250 1753 354 1793 tutis
386 1751 518 1793 fuisse
551 1752 806 1806 magistrum
841 1750 894 1792 ab
918 1751 1232 1807 antiquissimis
1253 1749 1521 1806 temporibus
1547 1747 1757 1790 traditum
1780 1752 1885 1790 erat.

368 1823 464 1864 Hac
506 1823 622 1864 enini
663 1823 706 1863 in
750 1828 872 1878 parte
912 1828 1061 1864 auctor
1101 1821 1371 1863 collectionis
1404 1821 1579 1862 omnino
1612 1819 1700 1862 levi
1734 1818 1884 1861 Musae

251 1910 295 1936 sc
327 1894 471 1948 tradit,
506 1909 603 1935 cum
637 1895 683 1934 in
715 1900 838 1949 parte
870 1893 915 1935 II
946 1900 1121 1949 praeter
1152 1892 1365 1935 nonnulla
1392 1892 1559 1934 leviora
1585 1891 1774 1947 plurima
1802 1905 1886 1932 ser-

251 1972 357 2007 vent
389 1980 585 2007 severam
618 1964 811 2006 indolem
842 1978 1020 2020 poeseos
1052 1964 1377 2020 Theognideae.

371 2037 625 2079 Athenaeus
648 2035 718 2078 vel
742 2042 893 2078 auctor
916 2036 1009 2078 eius
1032 2035 1158 2090 hane,
1181 2051 1309 2092 quam
1332 2033 1554 2088 habemus,
1585 2033 1887 2076 collectionem

254 2109 423 2149 novisse
465 2107 641 2149 videtur
685 2108 771 2148 iam
816 2107 974 2148 omissa
1017 2108 1180 2149 erotica
1216 2113 1352 2162 parte.
1387 2104 1504 2148 Oitat
1543 2106 1678 2160 enim,
1717 2111 1764 2147 ut
1802 2106 1887 2146 iam

255 2193 383 2235 supra
409 2179 851 2232 commemoravimus,
878 2177 988 2220 solos
1009 2193 1078 2219 vv.
1101 2177 1383 2231 993—1002,
1416 2191 1514 2219 cum
1546 2182 1720 2220 accuset
1752 2175 1889 2218 Theo-

255 2250 435 2305 guidem
479 2248 780 2306 παιδεραστίας
822 2255 865 2290 et
906 2246 1182 2305 ἧδυπαὲνείας.
1223 2247 1269 2291 Si
1308 2262 1412 2290 vero
1451 2250 1644 2290 novisset
1682 2247 1889 2289 eroticam

257 2320 543 2377 appendicem
568 2320 646 2362 sub
669 2319 941 2375 Theognidis
965 2321 1142 2362 nomine
1165 2319 1383 2374 traditam,
1411 2324 1529 2361 certe
1559 2334 1614 2361 ex
1642 2318 1726 2361 hac
1747 2318 1890 2374 potius

257 2407 407 2434 versus
439 2391 664 2434 attulisset.

375 2463 471 2516 Quo
513 2462 566 2505 ab
615 2462 791 2504 homine
838 2478 990 2505 versus
1034 2461 1311 2519 Theognidei
1357 2463 1419 2503 sie
1463 2462 1678 2518 usurpati,
1724 2462 1891 2515 mutati,

260 2535 483 2590 compositi
516 2535 613 2586 sint,
646 2540 693 2575 ut
726 2535 1013 2576 inveniuntur
1046 2535 1092 2576 in
1123 2540 1247 2591 p'arte
1280 2533 1323 2575 II
1357 2538 1399 2575 et
1430 2532 1498 2575 III
1531 2538 1703 2575 nostrae
1739 2531 1892 2574 collec-

260 2606 400 2658 tionis,
435 2606 480 2646 in
512 2604 656 2646 medio
689 2603 1030 2662 relinquendum
1065 2611 1139 2647 est.

377 2676 612 2718 Auctorem
644 2676 778 2731 partis
810 2675 855 2717 II
887 2676 1173 2731 integriorem
1205 2682 1307 2718 ante
1340 2675 1485 2718 oculos
1517 2676 1720 2719 habuisse
1757 2676 1893 2719 Theo-

261 2747 440 2803 gnidem
474 2761 601 2803 quam
636 2761 750 2801 eum,
784 2747 857 2803 qui
891 2748 937 2788 in
973 2747 1132 2790 scholis
1168 2747 1224 2790 ad
1256 2763 1380 2789 usum
1416 2747 1684 2791 didacticum
1717 2762 1894 2804 usurpa⁴

261 2818 399 2872 batur,
433 2816 730 2872 colligendum
770 2824 833 2860 est
872 2833 926 2860 ex
965 2818 1113 2860 multis
1151 2817 1366 2873 versibus,
1403 2819 1481 2875 ,qui
1514 2819 1569 2861 ad
1601 2834 1671 2862 res
1702 2819 1895 2875 privatas

264 2896 306 2931 et
336 2888 532 2945 publicas
565 2894 717 2944 poetae
749 2889 985 2944 pertinent.

382 3056 454 3089 adn.
483 3055 538 3089 34.
577 3055 745 3088 Auctorem
786 3056 888 3096 partis
927 3056 953 3089 ll
991 3056 1180 3097 ampliorem
1219 3056 1446 3089 collectionem
1485 3057 1636 3100 novisse,
1675 3065 1772 3098 quam
1811 3065 1895 3100 quae

265 3118 294 3141 v.
327 3112 459 3143 1—756
487 3111 682 3153 continetur,
709 3111 821 3151 postea
847 3111 1041 3144 videbimus.
