2176 3554
965 312 1258 353 ...22-

293 416 535 474 phistarum
570 418 831 475 discipulum
871 418 1015 459 statim
1056 416 1313 472 adgnoscas,
1347 417 1420 472 qui
1457 415 1753 459 multitudinis
1783 418 1928 460 studet

295 488 445 530 favori.

416 571 590 624 Quanta
632 573 925 614 controversia
968 572 1082 612 inter
1120 570 1347 613 Platonem
1386 576 1428 612 et
1460 569 1693 612 Isocratem
1731 577 1824 614 orta
1863 573 1930 626 sit,

297 648 542 699 quantaque
575 642 814 685 acerbitate
846 648 1090 698 pugnatum
1122 643 1178 684 sit
1211 643 1257 684 in
1289 648 1473 699 utraque
1505 647 1653 697 parte,
1689 657 1745 684 ex
1775 645 1931 685 utrius-

298 728 380 769 que
413 715 586 770 scriptis
619 714 820 769 cognosci
853 718 1007 769 potest,
1028 712 1104 755 ubi
1126 727 1338 770 persaepe
1359 712 1546 755 alterum
1568 712 1622 755 ab
1645 712 1782 756 altero
1806 716 1930 771 tangi

298 791 479 840 apparet
518 784 588 838 (ef.
626 784 939 838 Reinhardt,
979 783 1034 826 de
1072 784 1275 827 Isocratis
1314 783 1497 826 aemulis
1533 799 1575 841 p.
1613 784 1640 826 2
1679 791 1722 827 et
1759 785 1817 828 30
1843 799 1931 843 sqq.

301 855 349 897 F.
381 855 622 910 Diimmler,
658 855 860 899 Ohronol.
892 856 1027 898 Beitr.
1059 872 1113 899 zu
1146 857 1278 913 einig.
1315 855 1419 912 plat.
1458 855 1573 898 Dial.
1611 848 1751 898 Basel.
1782 856 1933 912 Progr.

304 926 446 980 1890)

418 1010 517 1051 Non
562 1011 705 1052 minus
749 1007 1060 1052 Antisthenem
1112 1011 1342 1067 impugnat
1387 1010 1626 1052 Isocrates.'
1668 1011 1760 1053 Iam
1805 1027 1935 1069 supra

303 1083 734 1124 commemoravimus
777 1096 875 1123 eum
916 1081 963 1123 in
1007 1080 1106 1123 Hel.
1150 1080 1265 1123 laud.
1311 1095 1402 1137 cap.
1451 1082 1502 1123 12
1544 1096 1743 1138 pugnare
1786 1090 1936 1126 contra

302 1151 579 1195 Antisthenis
618 1150 928 1210 προτρεπτικόν.
966 1150 1025 1194 At
1061 1158 1207 1194 tamen
1246 1151 1481 1194 Isocratem
1514 1152 1994 1226 laudQ

303 1224 437 1285 ticum
460 1223 732 1285 Theognidis
754 1215 885 1285 HQ
902 1239 925 1266 e
946 1223 1147 1280 pluribus
1177 1225 1270 1266 eius
1292 1225 1537 1266 orationum
1558 1226 1934 1280 paraenetiearum

287 1283 409 1336 wl‘o‘c‘is
434 1282 596 1338 elucet.
628 1295 811 1352 Semper
848 1291 1294 1352 ve1·0‘“suun1*poetae
1327 1291 1453 1337 usuin
1486 1301 1636 1338 eontra
1668 1296 1939 1340 adversarios

305 1367 590 1421 commendat,
624 1367 700 1409 sed
735 1372 822 1409 tam
857 1367 1039 1409 inferior
1072 1372 1135 1409 est
1168 1366 1447 1421 adversariis,
1479 1373 1544 1421 ut,
1577 1383 1837 1424 quamquam
1869 1383 1940 1411 eos

308 1439 546 1494 impugnat,
578 1445 724 1481 tamen
757 1453 844 1481 non
877 1444 1082 1481 vereatur
1120 1437 1292 1480 illorum
1331 1440 1453 1495 sequi
1492 1439 1760 1494 vestigia'et
1793 1433 1941 1482 eorum

306 1511 545 1552 sententias
578 1517 797 1567 tamquam
830 1525 927 1552 suas
959 1510 1169 1566 proferre.

424 1592 706 1635 Diimmlerus
740 1593 875 1636 Aead.
904 1609 943 1650 p.
977 1592 1044 1647 65,
1082 1595 1099 1634 1
1137 1594 1326 1636 coniecit
1357 1593 1592 1638 Isocratem
1625 1609 1675 1636 ea
1708 1608 1818 1651 quae
1849 1609 1944 1652 pro—

309 1664 444 1705 ferret
481 1667 506 1717 ξ
543 1664 716 1707 45-47
757 1671 860 1707 orat.
899 1664 954 1707 ad
991 1664 1158 1707 Nieocl.
1196 1664 1390 1707 hausisse
1430 1680 1486 1707 ex
1522 1664 1806 1721 Antisthene,
1845 1681 1941 1709 cum

312 1734 502 1791 Cynicas
535 1738 811 1779 continerent
842 1738 1094 1791 sententias,
1126 1741 1331 1793 recteque
1363 1735 1477 1778 vidit
1507 1752 1547 1793 p.
1576 1737 1634 1778 24
1665 1736 1691 1778 l.
1714 1736 1740 1778 l.
1773 1739 1819 1779 in
1840 1740 1866 1792 ξ
1887 1737 1944 1780 39

311 1807 621 1851 Antisthenem
650 1810 772 1865 tangi
801 1824 889 1851 una
916 1824 1014 1850 cum
1041 1807 1235 1850 Platone.
1267 1807 1356 1850 Sed
1385 1809 1513 1851 etiam
1544 1806 1717 1863 longius
1738 1809 1945 1865 progredi

313 1878 447 1921 licere
489 1880 596 1921 mihi
641 1880 834 1935 videtur,
880 1887 922 1922 et
963 1879 1070 1922 alios
1115 1881 1245 1922 etiam
1291 1879 1406 1922 locos
1450 1894 1518 1921 me
1564 1881 1785 1923 invenisse
1829 1887 1946 1937 puto,

314 1949 471 2006 quibus
503 1950 790 1994 Antisthenes
822 1952 1030 2007 tangitur.

431 2034 485 2075 111
525 2041 550 2088 ξ
593 2035 646 2077 41
690 2049 760 2077 eos
799 2034 948 2077 laudat
987 2035 1216 2088 Isocrates,
1256 2035 1329 2090 qui
1369 2019 1584 2091 oolligffnt
1622 2042 1665 2078 et
1704 2007 1948 2093 excerpiiiit

315 2105 498 2147 aliorum
540 2108 779 2150 sententias
823 2122 871 2149 eo
914 2105 1112 2160 consilio,
1154 2114 1202 2147 ut
1244 2105 1532 2148 adhortentur
1568 2106 1779 2150 homines.
1820 2108 1948 2161 Quod

316 2190 575 2234 quamquam
608 2177 689 2220 1100
722 2178 814 2221 1000
847 2177 1136 2229 commendat,
1170 2178 1215 2219 in
1239 2177 1523 2234 sequentibus
1551 2180 1696 2221 statim
1724 2179 1950 2222 contendit

316 2247 421 2290 talia
451 2249 564 2291 nihil
595 2250 760 2304 valere,
793 2265 891 2292 cum
924 2249 1102 2306 plurimi
1126 2249 1335 2304 homines,
1359 2250 1439 2291 etsi
1462 2249 1643 2292 laudent
1665 2250 1781 2304 talia,
1802 2257 1950 2294 tamen

318 2334 369 2362 ea
400 2335 486 2362 non
520 2327 766 2377 sequantur.
798 2321 1000 2363 Eandem
1022 2322 1158 2377 igitur
1179 2321 1394 2363 rationem
1417 2320 1642 2377 improbat,
1666 2323 1700 2363 si
1724 2321 1779 2364 ad
1801 2321 1949 2378 populi

318 2406 453 2446 usum,
486 2391 645 2447 laudat,
678 2395 712 2435 si
745 2392 801 2435 ad
832 2394 1010 2449 tyranni
1044 2407 1169 2434 usum
1202 2391 1474 2435 adhibeatur.

438 2475 561 2518 Idem
600 2477 746 2532 pergit
781 2477 993 2519 Isocrates
1030 2476 1125 2518 fieri
1161 2475 1214 2518 de
1252 2476 1371 2532 poesi
1411 2475 1593 2518 Hesiodi
1627 2475 1952 2531 Theognidis

319 2546 584 2603 Phoeylidis,
617 2547 786 2604 quibuS,
821 2550 897 2590 etsi
934 2548 1092 2590 multas
1125 2546 1282 2604 easque
1315 2548 1497 2603 optimas
1527 2548 1782 2590 contineant
1803 2546 1954 2590 adhor—

322 2620 520 2673 tationes,
553 2627 696 2663 tamen
732 2635 858 2662 nemo
891 2621 1164 2677 obsequatur.
1198 2619 1504 2662 Antisthenen]
1540 2619 1609 2661 his
1639 2618 1787 2661 verbis
1818 2620 1954 2675 tangi,

323 2705 398 2745 pro
431 2697 548 2733 certo
581 2692 901 2746 affirmaverim,
935 2694 969 2733 is
1003 2693 1119 2734 enim
1150 2707 1203 2733 ex
1227 2690 1536 2747 Theognide
1559 2690 1754 2746 elegerat
1775 2704 1955 2747 gnomas

325 2763 368 2802 in
403 2761 514 2804 libro
548 2761 638 2819 περὶ
671 2763 888 2817 Θεόγνιδος
921 2762 976 2804 ad
1008 2764 1389 2818 protrepticum
1422 2778 1544 2804 usum
1578 2762 1740 2818 populi.

443 2845 712 2888 Platonicam
746 2847 880 2902 igitur
913 2860 996 2887 11011
1028 2828 1168 2887 mod—o-ss
1183 2846 1396 2889 rationem
1426 2845 1641 2902 improbat
1669 2845 1750 2887 hac
1779 2846 1824 2887 in
1853 2850 1956 2897 orat.

327 2917 398 2969 (cf.
430 2931 573 2972 praec.
605 2920 630 2969 ξ
662 2917 718 2959 48
752 2932 822 2973 sq.,
855 2917 928 2959 ubi
963 2923 1132 2973 pugnat
1165 2922 1314 2958 contra
1346 2916 1455 2958 Plat.
1486 2916 1593 2972 Rep.
1616 2915 1671 2971 X,
1706 2916 1853 2970 1—8)‚
1880 2915 1957 2958 sed

329 2989 458 3029 etiam
497 2986 941 3043 Antisthenicam,
981 3004 1098 3031 suam
1138 2990 1351 3031 rationem
1395 2994 1442 3029 ut
1483 2987 1617 3030 solam
1656 3003 1804 3030 veram
1848 3001 1959 3029 com-

328 3059 524 3114 mendat,
556 3074 664 3116 quae
698 3075 853 3102 revera
885 3060 996 3102 nihil
1031 3059 1307 3116 discrepabat
1340 3059 1393 3102 ab
1426 3058 1751 3112 Antisthenica,
1789 3059 1874 3101 nisi
1911 3065 1959 3100 ut

330 3133 420 3186 ipse
455 3139 652 3187 tyranno,
686 3130 971 3174 Antisthenes
1004 3131 1161 3188 populo
1194 3131 1498 3187 Theognidem
1522 3129 1857 3173 commendaret.
1889 3127 1961 3171 Ad
