2176 3554
965 299 1257 343 ...50-

295 407 433 449 doctis
466 407 509 449 in
543 407 794 462 quaestione
827 404 1141 461 florilegiorum
1180 405 1324 447 adhuc
1362 406 1492 446 nimis
1530 405 1780 462 neglectum
1821 421 1924 459 esse,

293 477 422 519 valde
455 478 598 518 miror.
630 477 694 518 Eo
726 477 904 532 gravius
937 491 1030 518 esse
1063 475 1170 517 mihi
1204 475 1391 530 videtur,
1424 475 1538 532 quod
1567 478 1726 519 citatur
1749 491 1798 520 eo
1820 477 1925 532 loco,

295 563 376 606 quo
399 555 619 591 auctorem
643 547 883 590 Clementis
906 547 1186 590 collectiones
1208 546 1416 604 quasdam
1435 554 1537 589 ante
1557 548 1703 591 oculos
1722 548 1926 592 habuisse

296 622 448 677 negari
481 621 644 676 nequit.
688 619 811 660 Haec
850 625 950 660 sunt
989 617 1230 661 Clementis
1269 617 1405 660 verba
1435 617 1607 674 (strom.
1640 619 1720 674 VI,
1753 619 1796 673 2,
1833 618 1926 673 15):

292 691 409 745 ,Ἀλλ’
451 691 517 734 ἵνα
558 690 617 746 μὴ
664 688 730 732 ἐπὶ
772 689 896 732 πλέον
938 686 1060 746 προῖἦη
1105 687 1123 732 ὃ
1164 687 1289 744 λόγος
1331 689 1681 745 φιλοτιμουμένων
1719 687 1836 747 ἡμῶν
1878 689 1925 733 τὸ

295 762 533 819 εὐεπίφορον
563 761 623 812 εἰς
654 761 815 817 κλοπὴν
849 763 929 804 τῶν
954 758 1175 817 τΕλλήνων
1217 760 1330 804 κατοὶ
1370 760 1468 811 τους
1501 759 1650 816 λόγους
1688 777 1734 804 τε
1770 759 1841 804 καὶ
1873 760 1927 803 τοὶ

293 833 486 890 δόγματα
513 831 797 888 ἐπιδεικνύναι,
833 832 929 888 φέρε
961 831 1156 889 ἄντικρυς
1187 834 1478 889 μαρτυροῦντα
1505 828 1605 888 ἡμῖν
1628 829 1826 876 Ἱππίαν
1858 831 1928 875 τὸν

295 903 534 961 σοφιστὴν
564 903 633 946 τὸν
657 902 837 959 Ἠλεῖον,
868 901 915 953 ὃς
942 903 1012 947 τὸν
1044 902 1168 946 αὐτὸν
1196 902 1287 960 περὶ
1313 905 1385 946 τοῦ
1415 892 1932 961 προκειμένου’ῙοᾞίἙΤῆ-ετμ-ἶ

292 991 427 1033 ματος
452 971 566 1031 ἥκειν
595 976 674 1028 (sic
708 973 830 1016 codd.
863 973 1060 1016 Kaibelii
1095 989 1223 1031 quam
1255 975 1490 1031 proposuit,
1523 976 1776 1018 coniectura
1807 973 1928 1018 ἐκίνει

293 1047 400 1089 mihi
447 1053 566 1089 certa
607 1045 796 1099 videtur,
841 1045 894 1088 cf.
933 1045 1040 1088 Plat.
1081 1045 1754 1102 Rep.450³,Theact.1631³)
1792 1044 1925 1102 λόγον,

289 1117 664 1176 παραστησωμεῖςα
700 1108 779 1160 ὧδέ
819 1132 906 1168 πως
945 1117 1153 1172 λέγοντα·
1198 1114 1368 1169 ,τούτων
1408 1130 1709 1175 πρὶς-,ειρῃται
1757 1117 1812 1161 τὰ
1854 1115 1927 1174 μὲν

1276 1181 1281 1184 ,
1301 1169 1452 1185 .--’-ψ-,....-ν““

286 1190 447 1247 Ὀρφεῖ,
477 1188 532 1232 τοὶ
560 1186 603 1231 δὲ
635 1187 831 1245 Μουσαίῳ
862 1187 978 1231 κατοὶ
1011 1187 1143 1244 βραχὺ
1182 1177 1307 1245 ἄλλῳ
1327 1186 1530 1243 ἀλλαχου,
1565 1189 1620 1231 τοὶ
1656 1186 1699 1232 δὲ
1731 1186 1925 1247 Ἡσιόδῳ,

291 1261 343 1304 τοὶ
373 1260 451 1304 δὲ
461 1260 630 1318 Ομηρῳ,
662 1259 716 1303 τοὶ
745 1257 789 1302 δὲ
817 1261 906 1310 τοῖς
934 1257 1080 1309 ἄλλοις
1112 1260 1192 1302 τῶν
1214 1261 1408 1315 ποιητῶν,
1440 1259 1495 1304 τοὶ
1516 1257 1561 1303 δὲ
1584 1262 1844 1317 συγγραφαῖς
1871 1259 1926 1303 τοὶ

292 1332 365 1391 μὲν
398 1333 596 1390 ‘'Em-nm,
637 1330 692 1374 τοὶ
725 1329 768 1374 δὲ
813 1329 1064 1386 βαρβάροις·
1108 1328 1186 1385 ἐγώ
1230 1327 1273 1372 δὲ
1316 1328 1364 1372 ἐκ
1405 1329 1595 1373 τούτων
1639 1330 1831 1374 ποίντων
1872 1330 1949 1373 τοὶ»

292 1405 503 1461 μέγιστα
533 1402 606 1446 καὶ
639 1401 863 1458 ὃμόφυλα
893 1400 1095 1452 exuviisl<
1127 1402 1275 1444 τοῦτον
1309 1400 1477 1444 καινὸν
1513 1399 1586 1443 καὶ
1623 1402 1817 1458 πολυειδῆ
1857 1399 1927 1444 τὸν

292 1474 413 1530 λόγον
438 1473 689 1531 πονήσομαι.ί
1812 1460 1814 1463 V

410 1548 566 1590 Nonne
588 1546 693 1588 hinc
715 1546 837 1600 origo
860 1543 1067 1601 florilegii
1095 1543 1347 1601 quaerenda
1370 1549 1444 1598 est,
1466 1549 1514 1585 ut
1527 1542 1664 1586 verba
1685 1540 1926 1599 ,δμόφυλα

290 1619 469 1670 συνῖᾶείςι
501 1616 828 1662 demonstrant?
861 1616 973 1658 Nam
1007 1617 1100 1672 ipse
1131 1629 1312 1658 novam
1344 1614 1459 1657 hanc
1487 1616 1701 1658 rationem
1730 1616 1927 1658 nominat

292 1693 477 1749 Hippias
509 1690 710 1747 sophista.

409 1762 544 1806 Cuius
576 1762 726 1817 scripti
759 1759 952 1815 Hippiae
986 1758 1096 1801 haec
1128 1758 1265 1802 verba
1297 1760 1394 1812 sint,
1428 1764 1547 1802 certo
1582 1758 1818 1801 diiudicari
1853 1773 1927 1800 ne—

292 1837 395 1893 quit.
445 1834 531 1877 Sed
570 1850 626 1876 ex
671 1832 814 1874 citatis
851 1831 990 1888 poetis
1029 1831 1172 1873 conici
1213 1830 1334 1884 licet,
1377 1829 1488 1872 haec
1524 1829 1662 1873 verba
1704 1829 1837 1873 fuisse
1879 1830 1926 1871 in

292 1908 417 1949 initio
449 1906 656 1948 orationis
688 1901 915 1945 cuiusdam
949 1901 1239 1958 epideicticae
1278 1908 1321 1944 et
1357 1902 1680 1958 paraeneticae‚
1723 1900 1863 1958 qualis
1901 1916 1926 1943 a

289 1978 470 2020 Platone
504 1980 863 2019 commemoratur
896 1973 950 2015 de
982 1973 1150 2030 Hippia
1172 1974 1215 2015 in
1241 1973 1374 2031 Hipp.
1396 1974 1496 2015 mai.
1528 1972 1625 2015 286.
1652 1972 1765 2014 Nam
1798 1986 1925 2028 prae—

291 2056 416 2107 cepta
462 2048 642 2091 moralia
685 2046 799 2088 hanc
842 2046 1083 2087 orationem
1128 2043 1399 2098 exhibuisse,
1445 2043 1590 2086 elucet
1634 2058 1689 2085 ex
1731 2042 1925 2085 Platonis

290 2121 436 2163 verbis
469 2121 495 2162 l.
528 2137 556 2162 s.
594 2119 705 2174 λέγει
748 2115 766 2159 ὃ
809 2116 946 2172 λόγος,
988 2112 1054 2159 ὅτι
1095 2114 1396 2172 Νεοπτόλεμος
1426 2114 1624 2172 Νέστορα
1655 2113 1788 2171 ἔροιτο
1824 2113 1925 2158 ποῖά

291 2192 379 2236 ἐστι
410 2191 549 2235 καλοὶ
581 2187 980 2246 ἐπιτηδεύματα,
1013 2185 1041 2231 ἃ
1072 2184 1123 2232 ἄν
1156 2202 1221 2237 τις
1251 2183 1527 2242 ἐπιτηδεύσας
1549 2185 1639 2236 νέος
1661 2181 1715 2229 ὢν
1737 2183 1924 2228 εὐδοκι-

291 2261 521 2319 μώτατος
554 2261 724 2317 γένοιτο.

408 2333 649 2378 Clementis
680 2331 817 2375 verba
849 2332 884 2373 si
919 2346 975 2374 ex
1006 2332 1167 2387 scripto
1200 2330 1394 2387 Hippiae
1417 2329 1533 2386 apud
1558 2327 1785 2371 Platonem
1807 2343 1923 2371 com-

290 2412 523 2447 memorato
556 2405 774 2460 descripta
806 2408 922 2456 sunt,
954 2396 1484 2459 pertinent—affiatu&
1516 2399 1722 2455 διοίλογον,
1751 2404 1799 2441 ut
1823 2398 1922 2441 Phi-

290 2477 489 2519 lostratus
521 2475 603 2517 hoc
635 2476 844 2532 scriptum
876 2475 1074 2516 nominat
1105 2472 1177 2530 (cf.
1209 2473 1285 2514 vit.
1317 2470 1435 2528 soph.
1467 2471 1501 2525 Ι,
1536 2471 1600 2524 11,
1636 2471 1688 2523 l).

407 2548 531 2590 Idem
565 2548 700 2603 igitur
733 2545 1056 2588 demonstratur
1088 2543 1174 2586 iar'n
1212 2543 1263 2585 V.
1296 2541 1456 2585 saeculi
1491 2541 1587 2584 fieri
1627 2542 1836 2599 potuisse,
1874 2548 1922 2585 ut

290 2619 487 2662 collectio
539 2617 751 2675 quaedam
809 2616 964 2658 similis
1025 2614 1340 2671 Theognideae
1399 2600 1920 2671 qffsffiemus

290 2697 491 2733 exstaret.
1901 2738 1905 2742 p

405 2761 443 2803 E
475 2758 794 2817 posterioribus,
827 2772 931 2816 quos
963 2757 1141 2814 quidem
1175 2757 1442 2810 noverimus,
1481 2754 1794 2799 studiosissime
1827 2770 1920 2797 sen-

286 2834 445 2875 tentias
478 2831 655 2886 collegit
688 2836 730 2872 et
764 2829 983 2885 excerpsit
1015 2827 1302 2884 Chrysippus.
1344 2826 1414 2880 (cf.
1447 2824 1604 2869 Galen.
1635 2825 1662 2868 l.
1694 2828 1742 2878 s.)
1781 2825 1920 2882 Chry-

285 2906 456 2961 sippum
479 2905 609 2946 etiam
633 2902 859 2944 ethicis
848 2917 894 2942 m
917 2898 1245 2957 quaestionibus
1267 2897 1432 2940 similes
1453 2898 1673 2947 variorum
1694 2902 1918 2953 poetarum

286 2977 399 3018 locos
421 2990 595 3031 compai
599 2989 702 3027 asse,
725 2979 908 3015 testatur
929 2971 1061 3014 schol.
1085 2970 1141 3014 ad
1163 2966 1621 3022 Pind.1sthm.·1,56·
1645 2965 1703 3011 ‘O
1732 2982 1918 3025 πονησας

285 3046 329 3091 δὲ
360 3044 498 3105 νόῳ]
485 3063 505 3089 ο
532 3043 818 3102 Χρύσιππος
850 3042 1060 3100 ἐμφαίνειν
1092 3042 1228 3099 φησίν,
1252 3038 1308 3092 ὡς
1329 3055 1402 3083 και
1424 3037 1622 3096 πρότερον
1645 3036 1718 3096 μὲν
1741 3041 1918 3089 συνετῶς

286 3116 594 3175 ἐγχωρήσαντα,
619 3114 676 3167 ὦς
706 3115 764 3172 μή
795 3112 1044 3170 κινδυνεύσῃ,
1068 3111 1140 3156 καὶ
1161 3111 1275 3156 κατὰ
1299 3111 1374 3168 τὴν
1396 3109 1580 3155 κοίῧοδον
1608 3108 1918 3167 ἠσφαλισμένον

2040 1075 2043 1086 i

2030 1087 2043 1160 4!

2025 1169 2029 1180 ε

2022 1181 2027 1190 ι

2016 896 2042 996 ,γ

2039 1027 2055 1072 l*
