2176 3554
314 409 351 453 εἰ
380 408 518 461 διεξίοι
550 425 626 462 τις,
661 409 765 452 πολύ
807 406 858 453 ἂν
896 408 1011 466 ἔργον
1045 409 1129 468 εἴη,
1166 407 1247 455 ὅσα
1279 411 1479 469 πεποίηκε
1511 412 1622 470 περὶ
1659 411 1844 470 ἀρετῆς
1873 411 1947 456 καὶ

316 481 497 532 κακίας
530 481 642 535 (scil.
661 477 925 537 ‘'Opqpogssi.
1915 485 1919 489 ⁴

432 553 578 594 Etiam
612 553 783 593 eristica
818 551 1096 594 Antisthenis
1127 558 1285 595 natura
1317 555 1362 594 in
1395 554 1641 610 fragmento
1674 554 1790 598 Stob.
1812 556 1947 598 mani-

315 624 425 665 festa
456 622 562 664 mihi
596 622 783 664 videtur.
822 622 1073 678 Pugnacem
1112 623 1333 666 hominem
1373 639 1470 666 eum
1515 625 1646 668 fuisse
1691 626 1946 669 defensione

314 695 460 737 Ulixis
492 695 726 750 praecipue
760 693 1019 749 πολυτρόπου
1053 694 1373 737 demonstratur
1405 696 1475 748 (cf.
1499 695 1641 739 Schol.
1670 695 1824 753 Odyss.
1846 697 1878 751 I,
1908 698 1946 750 1,

313 765 541 820 Schrader,
563 764 719 821 Porph.
741 765 761 806 I
781 779 821 820 p.
843 764 941 819 386,
963 765 1009 807 II
1029 781 1069 822 p.
1096 765 1199 821 175)
1222 781 1306 823 qua
1329 768 1374 808 in
1402 782 1448 808 re
1472 782 1526 809 ne
1553 768 1741 823 proximi
1769 767 1946 825 quidem

314 838 405 879 eius
448 835 652 892 discipuli
698 851 794 877 oum
840 837 961 892 sequi
1007 836 1239 879 audebant.
1287 837 1410 891 Quae
1462 838 1648 880 artificia
1691 837 1946 881 Antistheni

311 922 438 963 saepe
462 906 716 949 adhibenda
737 907 869 949 fuisse
893 907 949 949 ad
975 909 1226 964 opinionem
1254 923 1375 951 suam
1405 908 1742 964 defendendam,
1764 916 1947 953 testatur

312 978 397 1020 Dio
430 977 584 1035 Chrys.
617 978 669 1020 of.
702 992 760 1019 or.
792 978 861 1032 53,
894 978 979 1020 276
1012 979 1062 1021 R.
1104 979 1248 1022 Etiam
1283 981 1329 1022 in
1361 980 1515 1036 fragm.
1548 979 1663 1023 Stob.
1696 982 1948 1024 certaminis

310 1050 499 1104 vestigia
542 1056 775 1105 supersunt
819 1051 863 1091 in
908 1050 1056 1092 verbis
1102 1050 1143 1093 οἱ
1187 1049 1271 1107 μὲν
1315 1050 1463 1095 πολλοὶ
1499 1076 1550 1081 -
1587 1050 1697 1108 ἐμοὶ
1739 1050 1783 1095 δὲ
1817 1053 1946 1095 δοκεῖ.

429 1121 718 1177 Impugnatur
751 1122 1054 1177 interpretatio
1087 1124 1167 1165 τῶν
1199 1124 1373 1179 πολλῶν,
1408 1138 1534 1180 quam
1564 1131 1683 1176 certe
1710 1123 1766 1165 ad
1793 1129 1946 1179 poetae

311 1192 538 1234 eonsilium
572 1192 706 1234 multo
739 1193 880 1247 inagis
912 1193 1199 1250 respondisse,
1222 1196 1351 1236 etiam
1374 1194 1622 1237 Aristotelis
1645 1195 1946 1251 interpretatio

309 1270 491 1306 testatur
532 1263 667 1318 (Stob.
709 1263 799 1305 flor.
841 1264 914 1318 86,
958 1262 1043 1318 25).
1093 1263 1180 1307 Sed
1222 1265 1304 1307 hoc
1345 1254 1666 1308 demonstratur
1710 1266 1944 1322 fragmenti

309 1335 456 1378 verbis
489 1337 574 1377 iam
607 1341 733 1376 antea
768 1334 844 1376 hos
876 1350 1028 1377 versus
1059 1335 1325 1392 permultum
1352 1336 1407 1391 (οἱ
1429 1336 1594 1392 πολλοὶ)
1615 1344 1818 1396 tractatos
1841 1352 1946 1380 esse.

310 1407 406 1449 Non
441 1421 585 1448 errare
618 1405 838 1460 videmur,
875 1407 909 1447 si
950 1408 1178 1449 statuimus
1218 1408 1303 1449 iam
1343 1407 1554 1463 sophistas
1594 1408 1669 1450 hos
1700 1424 1852 1451 versus
1881 1424 1946 1450 re-

429 1545 501 1577 adn.
535 1544 585 1578 15.
626 1545 711 1577 Idem
745 1544 899 1578 iudicium
938 1546 979 1578 de
1013 1545 1155 1579 Homero
1188 1546 1355 1580 invenitur
1390 1547 1422 1580 in
1460 1547 1568 1582 Basilii
1605 1546 1710 1589 Magni
1745 1548 1944 1589 protreptica

310 1600 455 1633 oratione
483 1601 533 1643 ,dc
560 1601 708 1641 legendis
734 1600 827 1634 libris
853 1599 1037 1641 gentilium‘
1063 1610 1132 1643 cap.
1155 1601 1176 1633 V
1194 1603 1237 1643 (p.
1258 1605 1288 1636 7.
1310 1596 1475 1644 liotholzJ:
1503 1600 1575 1644 ,Ὡς
1593 1601 1694 1645 δ’ἐγώ
1712 1613 1799 1641 τινος
1814 1602 1946 1646 ἤκουσα

311 1657 420 1688 δεινοῦ
440 1656 652 1698 καταμαθεῖν
673 1653 794 1698 ἀνδρὸς
811 1660 953 1699 ποιητοῦ
981 1657 1130 1705 διάνοιαν
1151 1659 1274 1702 ,πᾶσα
1300 1655 1358 1700 μὲν
1378 1658 1399 1701 ἡ
1418 1657 1552 1701 ποίησις
1570 1654 1617 1705 τῷ
1635 1657 1776 1705 Ὁμήρῳ
1795 1656 1945 1703 ἀρετῆς

310 1713 398 1745 ἐστιν
418 1711 588 1751 ἔπαινος
606 1711 663 1746 καὶ
682 1714 816 1747 πάντα
835 1709 926 1759 αὐτῷ
944 1713 1027 1756 πρὸς
1045 1717 1143 1747 τοῦτο
1164 1713 1270 1758 φέρει,
1292 1713 1341 1749 ὅτι
1367 1713 1414 1759 μὴ
1439 1716 1604 1758 πάρεργον
1625 1717 1675 1753 (cf.
1697 1717 1784 1751 Stob.
1805 1720 1859 1757 88,
1883 1719 1943 1752 14:

310 1766 404 1807 οὗτος
436 1768 475 1803 δὲ
507 1769 522 1802 ὁ
553 1768 696 1814 ποιητὴς
726 1768 802 1812 περὶ
834 1769 1004 1809 οὐδενὸς
1032 1770 1154 1804 ἄλλου
1186 1770 1305 1814 λόγον
1337 1771 1521 1815 πεποίηται
1550 1771 1572 1815 ἢ
1602 1771 1676 1814 περὶ
1709 1770 1859 1817 ἀρετῆς
1887 1770 1944 1806 καὶ

307 1825 456 1864 κακίας
483 1823 691 1868 ἀνθρώπων).
720 1828 751 1861 Si
779 1829 963 1862 accuratius
985 1829 1107 1869 legeris
1126 1837 1196 1869 cap.
1218 1829 1238 1862 V
1258 1829 1342 1872 Bas„
1362 1830 1496 1871 videbis,
1516 1831 1618 1863 totum
1637 1832 1735 1872 caput
1752 1831 1943 1872 Cynicorum

308 1884 465 1916 rationem
492 1884 641 1925 resipere
669 1883 719 1922 (cl.
748 1886 790 1916 et.
818 1884 851 1918 E.
879 1884 1020 1927 Norden,
1047 1885 1195 1925 Beitrage
1221 1894 1247 1917 z.
1274 1894 1322 1925 gr.
1342 1885 1473 1929 Philos,
1498 1886 1655 1919 Fleckeis.
1681 1885 1838 1928 Supplhd.
1858 1885 1943 1934 XlX,

307 1950 338 1982 p.
365 1942 456 1981 383).
485 1940 522 1973 Ut
547 1949 650 1981 pauca
677 1941 804 1984 eligam,
831 1941 872 1974 cs.
900 1941 930 1973 in
959 1942 1150 1974 universum
1176 1941 1309 1975 virtutis
1334 1942 1572 1985 laudationem,
1603 1950 1686 1984 quac
1717 1942 1856 1983 primum
1887 1942 1944 1975 oh-

307 1997 390 2029 tinet
420 1998 536 2032 locum.

425 2053 502 2087 Tum
530 2055 570 2087 de
597 2053 738 2087 Hesiodo
764 2046 801 2097 ,ἢ
823 2052 855 2085 τί
880 2063 964 2085 ποτε
990 2051 1070 2086 ἄλλο
1098 2051 1326 2095 διανοηθέντα
1352 2051 1407 2086 τὸν
1426 2051 1588 2087 Ἡσίοδον
1608 2054 1828 2098 ὑπολάβωμεν
1847 2051 1943 2087 ταυτὶ

309 2113 446 2153 ποιῆσαι
473 2109 516 2142 τὰ
541 2107 618 2153 ἔπη,
646 2108 667 2142 ἃ
693 2110 814 2146 πάντες
839 2107 992 2154 ᾄδουσιν,
1018 2107 1040 2151 ἢ
1068 2107 1140 2154 οὐχὶ
1166 2107 1461 2151 προτρέποντα
1486 2107 1562 2147 τοὺς
1580 2108 1672 2148 νέους
1695 2110 1747 2144 ἐπ’
1774 2107 1942 2154 ἀρετήνς

426 2166 503 2200 Tum
532 2168 644 2200 eadem
673 2167 838 2208 reperitur
863 2167 1027 2200 sententia
1061 2175 1216 2200 versuum
1245 2167 1377 2200 Hesiodi
1405 2168 1461 2208 Op.
1490 2171 1522 2200 et
1547 2167 1581 2201 D.
1612 2169 1676 2201 287
1705 2176 1776 2210 sqq.
1810 2170 1842 2200 et
1867 2167 1943 2201 Pro-

307 2227 369 2259 dici
395 2227 433 2259 de
461 2227 600 2260 Hercule
627 2227 753 2269 fabula,
787 2234 870 2267 quae
903 2228 980 2259 sunt
1011 2226 1095 2266 apud
1130 2225 1277 2267 Xenoph.
1306 2226 1338 2259 in
1365 2225 1459 2260 Mem.
1486 2225 1540 2260 lib.
1568 2226 1604 2267 11,
1636 2228 1665 2268 1,
1696 2228 1739 2259 20
1766 2234 1851 2269 sqq.,
1879 2234 1943 2267 quo

309 2283 338 2315 in
359 2283 462 2324 capite
481 2282 684 2316 Antisthenis
702 2282 928 2315 auctoritatem
948 2282 1100 2323 sequitur
1118 2281 1311 2323 Xenophon.
1331 2281 1410 2315 Tum
1427 2282 1629 2324 explicantur
1643 2291 1759 2316 versus
1778 2282 1942 2323 Odysseae

307 2339 423 2380 Cynico
450 2347 538 2372 more
564 2340 662 2380 atque
689 2339 773 2371 idem
800 2339 936 2379 dictum,
967 2338 1051 2379 quod
1078 2339 1163 2379 apud
1191 2337 1280 2379 Diog.
1309 2338 1342 2373 L.
1371 2337 1438 2382 Vll,
1474 2340 1514 2372 12
1547 2338 1733 2372 Antistheni
1759 2338 1943 2372 vindicatur

308 2394 341 2436 ,ἡ
361 2391 463 2438 ἀρετὴ
483 2391 704 2437 ἀναφαίρετον
726 2391 837 2426 ὅπλον·
866 2394 1041 2436 reperitur.
1069 2393 1190 2428 Versus
1216 2395 1358 2436 denique
1384 2394 1514 2428 Solonis
1540 2395 1601 2436 srg.
1626 2395 1662 2429 15
1679 2403 1760 2426 =v.
1781 2394 1847 2428 315
1867 2403 1940 2437 sqq.

307 2452 450 2492 Theogn.
478 2454 510 2485 et
536 2451 731 2492 Theognidis
759 2460 808 2484 vv,
840 2452 902 2484 165
931 2459 1001 2492 sqq.
1030 2459 1166 2492 prorsus
1194 2451 1231 2484 ad
1260 2451 1412 2492 cynicum
1439 2459 1574 2484 sensum
1602 2451 1654 2484 hic
1679 2450 1768 2484 allati
1800 2451 1939 2488 suntad

308 2508 500 2541 laudandam
527 2508 680 2541 virtutem
709 2516 788 2549 prae
814 2507 947 2541 divitiis.
975 2507 1027 2546 (cf.
1055 2508 1162 2549 praet.
1189 2515 1257 2548 cap.
1286 2506 1363 2549 Vlll,
1391 2507 1443 2540 ubi
1471 2507 1583 2540 eadem
1610 2508 1770 2540 tractatur
1795 2507 1940 2540 doctrina

306 2564 346 2596 dc
364 2565 557 2597 auctoritate
576 2566 608 2597 et
625 2565 655 2596 vi
682 2560 859 2605 μελέτης
885 2563 918 2596 in
937 2563 1058 2596 virtute
1076 2564 1306 2606 comparanda,
1327 2571 1423 2604 quam
1447 2563 1652 2597 Antisthenis
1676 2563 1780 2597 fuisse
1806 2564 1940 2597 scimus.

308 2620 424 2653 Eadem
452 2621 487 2653 flt
511 2621 708 2662 comparatio
736 2628 807 2653 cum
835 2620 981 2662 corporis
1008 2620 1310 2664 exercitationibus,
1337 2628 1433 2661 quam
1461 2620 1611 2654 novimus
1637 2621 1676 2653 de
1703 2619 1844 2662 Diogene
1863 2620 1939 2661 Cyn.

307 2686 344 2710 ex
372 2677 459 2718 Diog.
487 2676 591 2711 Laert.
619 2677 650 2709 In
679 2677 791 2711 eodem
819 2677 923 2718 capite
950 2676 1193 2717 sardanapalus
1219 2678 1491 2710 commemoratur
1517 2674 1685 2718 ῥαθυμίας
1713 2679 1746 2711 et
1773 2674 1940 2719 μαλακίας

307 2734 503 2775 exemplum,
529 2734 623 2766 cuius
650 2735 859 2766 monumento
879 2742 1011 2766 carmen
1038 2733 1233 2774 inscriptum
1261 2732 1401 2766 Crates
1429 2732 1600 2774 Cynicus
1626 2734 1803 2767 invertisse
1822 2733 1940 2768 dicitur

304 2789 358 2831 (cf.
386 2790 479 2833 Plut„
505 2789 545 2821 de
570 2789 658 2822 Alex.
687 2788 789 2830 Magn.
818 2790 890 2822 fort.
918 2789 955 2829 ll,
985 2791 1003 2822 3
1032 2791 1063 2821 et
1089 2789 1206 2822 Athen.
1237 2788 1298 2832 Vll,
1327 2790 1425 2822 337³.
1454 2788 1546 2823 PLG⁴
1574 2790 1599 2823 ΙΙ
1626 2799 1655 2831 p.
1684 2789 1820 2831 36913).

424 2845 567 2878 Eandem
594 2846 735 2887 denique
761 2845 912 2887 Cynicam
938 2845 1120 2878 doctrinam
1147 2845 1275 2886 reperis
1294 2845 1326 2878 in
1345 2853 1414 2887 cap.
1436 2847 1468 2889 9,
1496 2846 1550 2878 ubi
1576 2846 1608 2879 in
1629 2843 1781 2887 σύγκρισι
1800 2846 1937 2888 quadam
1997 2880 2001 2884 ,

307 2899 450 2933 πλούτου
484 2897 540 2932 καὶ
573 2897 693 2943 ἀρετῆς
725 2901 868 2934 citantur
900 2901 1027 2934 Solonis
1059 2909 1110 2934 νν.
1138 2901 1198 2942 frg.
1231 2901 1288 2943 13,
1317 2903 1354 2934 71
1379 2910 1428 2942 sq.
1457 2901 1598 2941 (B)=v.
1632 2903 1697 2935 227
1733 2902 1875 2941 Theogn.
1907 2902 1940 2934 et
1966 2914 1969 2917 ⁴

307 2967 336 2990 v.
369 2957 454 2991 1155,
487 2957 646 3000 Theogn.,
680 2957 834 2997 Diogenis
867 2957 975 2998 Cynici
1006 2958 1159 2991 laudatur
1190 2957 1254 2989 τῶν
1289 2953 1506 2997 ἀνθρωπίνων
1539 2955 1708 2997 ὑπεροψία
1742 2958 1776 2991 et
1809 2957 1938 2991 Phidiae

309 3014 524 3054 l’olyclctique
550 3010 650 3056 τέχνη
677 3012 862 3054 praefertur
888 3014 1009 3046 divitiis
1037 3013 1201 3046 simillimo
1228 3014 1320 3046 modo
1347 3015 1444 3055 atquc
1472 3013 1638 3047 invenitur
1669 3013 1754 3054 apud
1781 3011 1937 3054 Teletffln,

308 3070 500 3110 Cynicorum
522 3070 717 3103 sectatorem
739 3070 788 3109 (cf.
812 3079 840 3111 p.
863 3071 904 3103 :34
929 3070 1036 3103 Hense
1058 3071 1090 3102 et
1112 3069 1223 3104 Liban.
1240 3069 1331 3111 Apol.
1351 3069 1439 3103 Socr.
1460 3078 1491 3110 p.
1511 3070 1565 3113 30,
1586 3071 1627 3102 25,
1649 3069 1706 3107 111).
1725 3069 1837 3103 Omnia
1858 3071 1938 3104 haec

306 3126 544 3169 demonstrant,
571 3128 725 3167 quantum
752 3124 1940 3200 cerm'
