<?xml version="1.0" encoding="UTF-8"?>
<!DOCTYPE html PUBLIC "-//W3C//DTD XHTML 1.0 Transitional//EN"
    "http://www.w3.org/TR/xhtml1/DTD/xhtml1-transitional.dtd">
<html xmlns="http://www.w3.org/1999/xhtml" xml:lang="en" lang="en">
 <head>
  <title>
</title>
<meta http-equiv="Content-Type" content="text/html;charset=utf-8" />
  <meta name='ocr-system' content='tesseract 3.04.00' />
  <meta name='ocr-capabilities' content='ocr_page ocr_carea ocr_par ocr_line ocrx_word'/>
</head>
<body>
  <div class='ocr_page' id='page_1' title='image "./studiatheognidea00geysuoft_0040.png"; bbox 0 0 2176 3554; ppageno 0'>
   <div class='ocr_carea' id='block_1_1' title="bbox 940 295 1234 337">
    <p class='ocr_par' dir='ltr' id='par_1_1' title="bbox 940 295 1234 337">
     <span class='ocr_line' id='line_1_1' title="bbox 940 295 1234 337; baseline 0 -11"><span class='ocrx_word' id='word_1_1' title='bbox 940 295 1234 337; x_wconf 57' lang='lat'><strong>„36-</strong></span> 
     </span>
    </p>
   </div>
   <div class='ocr_carea' id='block_1_2' title="bbox 202 401 1903 2887">
    <p class='ocr_par' dir='ltr' id='par_1_2' title="bbox 259 401 1903 1378">
     <span class='ocr_line' id='line_1_2' title="bbox 390 401 1903 460; baseline -0.001 -15"><span class='ocrx_word' id='word_1_2' title='bbox 390 403 481 445; x_wconf 89' lang='lat' dir='ltr'><strong>Iam</strong></span> <span class='ocrx_word' id='word_1_3' title='bbox 518 417 622 444; x_wconf 84' lang='lat' dir='ltr'><strong>vero</strong></span> <span class='ocrx_word' id='word_1_4' title='bbox 661 403 791 444; x_wconf 89' lang='lat' dir='ltr'><strong>etiam</strong></span> <span class='ocrx_word' id='word_1_5' title='bbox 830 401 950 444; x_wconf 90' lang='lat' dir='ltr'><strong>aliud</strong></span> <span class='ocrx_word' id='word_1_6' title='bbox 993 403 1290 445; x_wconf 85' lang='lat' dir='ltr'><strong>testimonium</strong></span> <span class='ocrx_word' id='word_1_7' title='bbox 1334 402 1486 445; x_wconf 82' lang='lat' dir='ltr'><strong>adesse</strong></span> <span class='ocrx_word' id='word_1_8' title='bbox 1529 409 1652 459; x_wconf 81' lang='lat' dir='ltr'><strong>puto,</strong></span> <span class='ocrx_word' id='word_1_9' title='bbox 1696 417 1779 460; x_wconf 91' lang='lat' dir='ltr'><strong>quo</strong></span> <span class='ocrx_word' id='word_1_10' title='bbox 1821 401 1903 446; x_wconf 88' lang='lat' dir='ltr'><strong>hoc</strong></span> 
     </span>
     <span class='ocr_line' id='line_1_3' title="bbox 271 472 1903 530; baseline -0.001 -14"><span class='ocrx_word' id='word_1_11' title='bbox 271 475 412 530; x_wconf 90' lang='lat' dir='ltr'><strong>ipsum</strong></span> <span class='ocrx_word' id='word_1_12' title='bbox 443 472 559 516; x_wconf 84' lang='lat' dir='ltr'><strong>Stob.</strong></span> <span class='ocrx_word' id='word_1_13' title='bbox 591 473 885 529; x_wconf 81' lang='lat' dir='ltr'><strong>fragmentum</strong></span> <span class='ocrx_word' id='word_1_14' title='bbox 917 472 1159 529; x_wconf 87' lang='lat' dir='ltr'><strong>significari</strong></span> <span class='ocrx_word' id='word_1_15' title='bbox 1197 488 1275 530; x_wconf 88' lang='lat' dir='ltr'><strong>pro</strong></span> <span class='ocrx_word' id='word_1_16' title='bbox 1314 479 1431 516; x_wconf 90' lang='lat' dir='ltr'><strong>certo</strong></span> <span class='ocrx_word' id='word_1_17' title='bbox 1469 474 1791 516; x_wconf 87' lang='lat' dir='ltr'><strong>affirmaverim.</strong></span> <span class='ocrx_word' id='word_1_18' title='bbox 1833 473 1903 515; x_wconf 92' lang='lat' dir='ltr'><strong>In-</strong></span> 
     </span>
     <span class='ocr_line' id='line_1_4' title="bbox 269 543 1903 598; baseline 0 -12"><span class='ocrx_word' id='word_1_19' title='bbox 269 545 446 588; x_wconf 83' lang='lat' dir='ltr'><strong>venitur</strong></span> <span class='ocrx_word' id='word_1_20' title='bbox 478 545 523 586; x_wconf 88' lang='lat' dir='ltr'><strong>in</strong></span> <span class='ocrx_word' id='word_1_21' title='bbox 557 543 758 586; x_wconf 87' lang='lat' dir='ltr'><strong>Isocratis</strong></span> <span class='ocrx_word' id='word_1_22' title='bbox 790 545 983 586; x_wconf 88' lang='lat' dir='ltr'><strong>oratione</strong></span> <span class='ocrx_word' id='word_1_23' title='bbox 1017 543 1073 586; x_wconf 87' lang='lat' dir='ltr'><strong>ad</strong></span> <span class='ocrx_word' id='word_1_24' title='bbox 1103 543 1283 598; x_wconf 88' lang='lat' dir='ltr'><strong>Nicocl.,</strong></span> <span class='ocrx_word' id='word_1_25' title='bbox 1322 545 1446 586; x_wconf 88' lang='lat' dir='ltr'><strong>euius</strong></span> <span class='ocrx_word' id='word_1_26' title='bbox 1483 544 1690 586; x_wconf 87' lang='lat' dir='ltr'><strong>orationis</strong></span> <span class='ocrx_word' id='word_1_27' title='bbox 1722 545 1758 586; x_wconf 85' lang='lat' dir='ltr'><strong>si</strong></span> <span class='ocrx_word' id='word_1_28' title='bbox 1792 557 1903 586; x_wconf 90' lang='lat' dir='ltr'><strong>com-</strong></span> 
     </span>
     <span class='ocr_line' id='line_1_5' title="bbox 267 613 1902 672; baseline -0.001 -14"><span class='ocrx_word' id='word_1_29' title='bbox 267 616 490 672; x_wconf 87' lang='lat' dir='ltr'><strong>paraveris</strong></span> <span class='ocrx_word' id='word_1_30' title='bbox 514 614 537 668; x_wconf 75' lang='lat'>§</span> <span class='ocrx_word' id='word_1_31' title='bbox 562 615 615 656; x_wconf 78' lang='lat'><strong>12</strong></span> <span class='ocrx_word' id='word_1_32' title='bbox 646 629 743 656; x_wconf 89' lang='lat' dir='ltr'><strong>cum</strong></span> <span class='ocrx_word' id='word_1_33' title='bbox 777 613 863 668; x_wconf 84' lang='lat' dir='ltr'><strong>illo,</strong></span> <span class='ocrx_word' id='word_1_34' title='bbox 892 629 1128 671; x_wconf 78' lang='lat' dir='ltr'><strong>cognosces</strong></span> <span class='ocrx_word' id='word_1_35' title='bbox 1157 614 1211 657; x_wconf 90' lang='lat' dir='ltr'><strong>de</strong></span> <span class='ocrx_word' id='word_1_36' title='bbox 1241 615 1394 657; x_wconf 88' lang='lat' dir='ltr'><strong>eadem</strong></span> <span class='ocrx_word' id='word_1_37' title='bbox 1423 630 1471 658; x_wconf 89' lang='lat' dir='ltr'><strong>re</strong></span> <span class='ocrx_word' id='word_1_38' title='bbox 1498 622 1680 672; x_wconf 87' lang='lat' dir='ltr'><strong>utroque</strong></span> <span class='ocrx_word' id='word_1_39' title='bbox 1703 614 1796 657; x_wconf 91' lang='lat' dir='ltr'><strong>loeo</strong></span> <span class='ocrx_word' id='word_1_40' title='bbox 1817 616 1902 671; x_wconf 86' lang='lat' dir='ltr'><strong>agi,</strong></span> 
     </span>
     <span class='ocr_line' id='line_1_6' title="bbox 267 686 1901 743; baseline -0.001 -15"><span class='ocrx_word' id='word_1_41' title='bbox 267 686 360 728; x_wconf 75' lang='lat' dir='ltr'><strong>sed&#39;</strong></span> <span class='ocrx_word' id='word_1_42' title='bbox 385 686 559 729; x_wconf 85' lang='lat' dir='ltr'><strong>diversa</strong></span> <span class='ocrx_word' id='word_1_43' title='bbox 599 687 780 729; x_wconf 86' lang='lat' dir='ltr'><strong>ratione.</strong></span> <span class='ocrx_word' id='word_1_44' title='bbox 823 686 1018 743; x_wconf 90' lang='lat' dir='ltr'><strong>Utroque</strong></span> <span class='ocrx_word' id='word_1_45' title='bbox 1059 686 1152 729; x_wconf 92' lang='grc'>1000</span> <span class='ocrx_word' id='word_1_46' title='bbox 1194 686 1394 729; x_wconf 88' lang='lat' dir='ltr'><strong>homines</strong></span> <span class='ocrx_word' id='word_1_47' title='bbox 1441 692 1758 743; x_wconf 87' lang='lat' dir='ltr'><strong>componuntur</strong></span> <span class='ocrx_word' id='word_1_48' title='bbox 1803 700 1901 727; x_wconf 90' lang='lat' dir='ltr'><strong>eum</strong></span> 
     </span>
     <span class='ocr_line' id='line_1_7' title="bbox 266 756 1902 814; baseline -0.001 -14"><span class='ocrx_word' id='word_1_49' title='bbox 266 757 440 811; x_wconf 86' lang='lat' dir='ltr'><strong>bestiis,</strong></span> <span class='ocrx_word' id='word_1_50' title='bbox 484 764 664 814; x_wconf 86' lang='lat' dir='ltr'><strong>utroque</strong></span> <span class='ocrx_word' id='word_1_51' title='bbox 705 756 797 799; x_wconf 92' lang='grc'>1000</span> <span class='ocrx_word' id='word_1_52' title='bbox 838 757 1002 799; x_wconf 88' lang='lat' dir='ltr'><strong>dicitur</strong></span> <span class='ocrx_word' id='word_1_53' title='bbox 1041 764 1298 814; x_wconf 88' lang='lat' dir='ltr'><strong>potestatem</strong></span> <span class='ocrx_word' id='word_1_54' title='bbox 1339 758 1464 801; x_wconf 86' lang='lat' dir='ltr'><strong>nobis</strong></span> <span class='ocrx_word' id='word_1_55' title='bbox 1507 773 1618 812; x_wconf 90' lang='lat' dir='ltr'><strong>esse,</strong></span> <span class='ocrx_word' id='word_1_56' title='bbox 1658 762 1706 799; x_wconf 92' lang='lat' dir='ltr'><strong>ut</strong></span> <span class='ocrx_word' id='word_1_57' title='bbox 1741 756 1902 799; x_wconf 79' lang='lat' dir='ltr'><strong>bestias</strong></span> 
     </span>
     <span class='ocr_line' id='line_1_8' title="bbox 267 825 1903 886; baseline -0.001 -15"><span class='ocrx_word' id='word_1_58' title='bbox 267 829 466 872; x_wconf 85' lang='lat' dir='ltr'><strong>meliores</strong></span> <span class='ocrx_word' id='word_1_59' title='bbox 504 828 754 884; x_wconf 84' lang='lat' dir='ltr'><strong>reddamus,</strong></span> <span class='ocrx_word' id='word_1_60' title='bbox 793 828 870 871; x_wconf 87' lang='lat' dir='ltr'><strong>sed</strong></span> <span class='ocrx_word' id='word_1_61' title='bbox 909 843 1007 871; x_wconf 87' lang='lat' dir='ltr'><strong>cum</strong></span> <span class='ocrx_word' id='word_1_62' title='bbox 1046 830 1092 871; x_wconf 92' lang='lat' dir='ltr'><strong>in</strong></span> <span class='ocrx_word' id='word_1_63' title='bbox 1133 829 1259 886; x_wconf 85' lang='lat' dir='ltr'><strong>frgto.</strong></span> <span class='ocrx_word' id='word_1_64' title='bbox 1297 828 1413 872; x_wconf 88' lang='lat' dir='ltr'><strong>Stob.</strong></span> <span class='ocrx_word' id='word_1_65' title='bbox 1456 835 1685 872; x_wconf 81' lang='lat' dir='ltr'><strong>accusetur</strong></span> <span class='ocrx_word' id='word_1_66' title='bbox 1727 825 1903 883; x_wconf 85' lang='grc' dir='ltr'>ἄγνοια</span> 
     </span>
     <span class='ocr_line' id='line_1_9' title="bbox 264 899 1901 959; baseline -0.002 -15"><span class='ocrx_word' id='word_1_67' title='bbox 264 899 503 957; x_wconf 54' lang='grc' dir='ltr'>ἀνῇρώπων,</span> <span class='ocrx_word' id='word_1_68' title='bbox 544 899 657 957; x_wconf 88' lang='lat' dir='ltr'><strong>quod</strong></span> <span class='ocrx_word' id='word_1_69' title='bbox 695 915 740 942; x_wconf 88' lang='lat' dir='ltr'><strong>se</strong></span> <span class='ocrx_word' id='word_1_70' title='bbox 780 901 893 956; x_wconf 86' lang='lat' dir='ltr'><strong>ipsos</strong></span> <span class='ocrx_word' id='word_1_71' title='bbox 930 899 1133 943; x_wconf 87' lang='lat' dir='ltr'><strong>meliores</strong></span> <span class='ocrx_word' id='word_1_72' title='bbox 1170 900 1316 944; x_wconf 87' lang='lat' dir='ltr'><strong>facere</strong></span> <span class='ocrx_word' id='word_1_73' title='bbox 1355 906 1594 959; x_wconf 86' lang='lat' dir='ltr'><strong>nequeant,</strong></span> <span class='ocrx_word' id='word_1_74' title='bbox 1626 900 1680 943; x_wconf 85' lang='lat' dir='ltr'><strong>ab</strong></span> <span class='ocrx_word' id='word_1_75' title='bbox 1712 900 1901 942; x_wconf 89' lang='lat' dir='ltr'><strong>Isocrate</strong></span> 
     </span>
     <span class='ocr_line' id='line_1_10' title="bbox 265 970 1900 1029; baseline 0 -17"><span class='ocrx_word' id='word_1_76' title='bbox 265 971 345 1012; x_wconf 92' lang='lat' dir='ltr'><strong>hoe</strong></span> <span class='ocrx_word' id='word_1_77' title='bbox 384 972 550 1013; x_wconf 82' lang='lat' dir='ltr'><strong>crimen</strong></span> <span class='ocrx_word' id='word_1_78' title='bbox 588 971 770 1013; x_wconf 87' lang='lat' dir='ltr'><strong>reicitur</strong></span> <span class='ocrx_word' id='word_1_79' title='bbox 809 970 877 1012; x_wconf 89' lang='lat' dir='ltr'><strong>his</strong></span> <span class='ocrx_word' id='word_1_80' title='bbox 917 970 1084 1025; x_wconf 81' lang='lat' dir='ltr'><strong>verbis,</strong></span> <span class='ocrx_word' id='word_1_81' title='bbox 1127 971 1284 1029; x_wconf 88' lang='lat' dir='ltr'><strong>quibus</strong></span> <span class='ocrx_word' id='word_1_82' title='bbox 1325 972 1444 1015; x_wconf 90' lang='lat' dir='ltr'><strong>hunc</strong></span> <span class='ocrx_word' id='word_1_83' title='bbox 1482 973 1622 1029; x_wconf 87' lang='lat' dir='ltr'><strong>ipsum</strong></span> <span class='ocrx_word' id='word_1_84' title='bbox 1663 971 1900 1027; x_wconf 84' lang='lat' dir='ltr'><strong>fragmenti</strong></span> 
     </span>
     <span class='ocr_line' id='line_1_11' title="bbox 263 1040 1900 1102; baseline 0 -19"><span class='ocrx_word' id='word_1_85' title='bbox 263 1042 405 1084; x_wconf 91' lang='lat' dir='ltr'><strong>locum</strong></span> <span class='ocrx_word' id='word_1_86' title='bbox 428 1042 668 1098; x_wconf 87' lang='lat' dir='ltr'><strong>significari</strong></span> <span class='ocrx_word' id='word_1_87' title='bbox 693 1056 866 1084; x_wconf 85' lang='lat' dir='ltr'><strong>censeo:</strong></span> <span class='ocrx_word' id='word_1_88' title='bbox 890 1040 1009 1099; x_wconf 82' lang='grc' dir='ltr'>,μηδὲ</span> <span class='ocrx_word' id='word_1_89' title='bbox 1032 1045 1293 1102; x_wconf 85' lang='grc' dir='ltr'>καταγνῷς</span> <span class='ocrx_word' id='word_1_90' title='bbox 1314 1042 1386 1100; x_wconf 90' lang='lat' dir='ltr'><strong>(ef.</strong></span> <span class='ocrx_word' id='word_1_91' title='bbox 1408 1045 1656 1100; x_wconf 71' lang='grc' dir='ltr'>καταγορεῖν</span> <span class='ocrx_word' id='word_1_92' title='bbox 1678 1058 1744 1099; x_wconf 85' lang='lat' dir='ltr'><strong>ap.</strong></span> <span class='ocrx_word' id='word_1_93' title='bbox 1767 1040 1900 1094; x_wconf 83' lang='lat' dir='ltr'><strong>Stob.&gt;</strong></span> 
     </span>
     <span class='ocr_line' id='line_1_12' title="bbox 263 1111 1899 1173; baseline 0 -17"><span class='ocrx_word' id='word_1_94' title='bbox 263 1115 343 1156; x_wconf 85' lang='grc' dir='ltr'><strong>τῶν</strong></span> <span class='ocrx_word' id='word_1_95' title='bbox 373 1113 600 1173; x_wconf 61' lang='grc' dir='ltr'>οἰνὲνοώπων</span> <span class='ocrx_word' id='word_1_96' title='bbox 632 1111 842 1170; x_wconf 73' lang='grc' dir='ltr'>τοσαύτην</span> <span class='ocrx_word' id='word_1_97' title='bbox 874 1113 1115 1169; x_wconf 76' lang='grc' dir='ltr'>δυστυχίαν,</span> <span class='ocrx_word' id='word_1_98' title='bbox 1149 1112 1205 1166; x_wconf 82' lang='grc' dir='ltr'><strong>ὧς</strong></span> <span class='ocrx_word' id='word_1_99' title='bbox 1241 1112 1332 1172; x_wconf 72' lang='grc' dir='ltr'>περὶ</span> <span class='ocrx_word' id='word_1_100' title='bbox 1365 1113 1439 1171; x_wconf 84' lang='grc' dir='ltr'><strong>μὲν</strong></span> <span class='ocrx_word' id='word_1_101' title='bbox 1472 1114 1532 1158; x_wconf 85' lang='grc' dir='ltr'><strong>τοὶ</strong></span> <span class='ocrx_word' id='word_1_102' title='bbox 1564 1113 1715 1171; x_wconf 56' lang='grc' dir='ltr'>Ξῖηρία</span> <span class='ocrx_word' id='word_1_103' title='bbox 1748 1113 1899 1168; x_wconf 80' lang='grc' dir='ltr'>τέχνας</span> 
     </span>
     <span class='ocr_line' id='line_1_13' title="bbox 261 1175 1898 1242; baseline 0.001 -16"><span class='ocrx_word' id='word_1_104' title='bbox 261 1181 506 1241; x_wconf 73' lang='grc' dir='ltr'>εὑρήκαμεν,</span> <span class='ocrx_word' id='word_1_105' title='bbox 550 1175 617 1234; x_wconf 80' lang='grc' dir='ltr'><strong>αἷς</strong></span> <span class='ocrx_word' id='word_1_106' title='bbox 659 1182 794 1227; x_wconf 81' lang='grc' dir='ltr'>αὐτῶν</span> <span class='ocrx_word' id='word_1_107' title='bbox 835 1183 914 1235; x_wconf 81' lang='grc' dir='ltr'><strong>τὰς</strong></span> <span class='ocrx_word' id='word_1_108' title='bbox 955 1184 1097 1240; x_wconf 80' lang='grc' dir='ltr'>ψυχὰς</span> <span class='ocrx_word' id='word_1_109' title='bbox 1132 1182 1367 1242; x_wconf 65' lang='grc' dir='ltr'>’ἣμεροῦμεν</span> <span class='ocrx_word' id='word_1_110' title='bbox 1410 1185 1483 1229; x_wconf 84' lang='grc' dir='ltr'><strong>καὶ</strong></span> <span class='ocrx_word' id='word_1_111' title='bbox 1524 1183 1711 1235; x_wconf 82' lang='grc' dir='ltr'>πλείονος</span> <span class='ocrx_word' id='word_1_112' title='bbox 1751 1182 1898 1235; x_wconf 73' lang='grc' dir='ltr'>ἀξίας</span> 
     </span>
     <span class='ocr_line' id='line_1_14' title="bbox 262 1252 1896 1313; baseline 0 -15"><span class='ocrx_word' id='word_1_113' title='bbox 262 1258 511 1312; x_wconf 79' lang='grc' dir='ltr'>ποιοῦμεν,</span> <span class='ocrx_word' id='word_1_114' title='bbox 554 1253 685 1312; x_wconf 79' lang='grc' dir='ltr'>ἡμᾶς</span> <span class='ocrx_word' id='word_1_115' title='bbox 729 1254 964 1306; x_wconf 49' lang='lat' dir='ltr'><strong>&amp;ada-0¹59,-</strong></span> <span class='ocrx_word' id='word_1_116' title='bbox 1008 1254 1121 1299; x_wconf 86' lang='grc' dir='ltr'>οὐδὲν</span> <span class='ocrx_word' id='word_1_117' title='bbox 1166 1252 1216 1300; x_wconf 76' lang='grc' dir='ltr'><strong>ἂν</strong></span> <span class='ocrx_word' id='word_1_118' title='bbox 1257 1255 1359 1313; x_wconf 71' lang='grc' dir='ltr'>πρὸς</span> <span class='ocrx_word' id='word_1_119' title='bbox 1397 1255 1550 1313; x_wconf 76' lang='grc' dir='ltr'>ἀρετήν</span> <span class='ocrx_word' id='word_1_120' title='bbox 1591 1255 1896 1312; x_wconf 75' lang='grc' dir='ltr'>ὠφελήσαιμεν,</span> 
     </span>
     <span class='ocr_line' id='line_1_15' title="bbox 259 1325 581 1378; baseline -0.003 -7"><span class='ocrx_word' id='word_1_121' title='bbox 259 1325 354 1371; x_wconf 80' lang='grc' dir='ltr'>ἀλλ’</span> <span class='ocrx_word' id='word_1_122' title='bbox 388 1325 457 1378; x_wconf 77' lang='grc' dir='ltr'><strong>ὥςι</strong></span> <span class='ocrx_word' id='word_1_123' title='bbox 489 1330 581 1370; x_wconf 87' lang='grc' dir='ltr'>κτλ.</span> 
     </span>
    </p>

    <p class='ocr_par' dir='ltr' id='par_1_3' title="bbox 256 1398 1895 1744">
     <span class='ocr_line' id='line_1_16' title="bbox 376 1398 1895 1457; baseline 0 -16"><span class='ocrx_word' id='word_1_124' title='bbox 376 1400 611 1456; x_wconf 87' lang='lat' dir='ltr'><strong>Impugnat</strong></span> <span class='ocrx_word' id='word_1_125' title='bbox 642 1399 710 1441; x_wconf 87' lang='lat' dir='ltr'><strong>his</strong></span> <span class='ocrx_word' id='word_1_126' title='bbox 741 1399 890 1442; x_wconf 88' lang='lat' dir='ltr'><strong>verbis</strong></span> <span class='ocrx_word' id='word_1_127' title='bbox 921 1406 1036 1442; x_wconf 90' lang='lat' dir='ltr'><strong>tecte</strong></span> <span class='ocrx_word' id='word_1_128' title='bbox 1070 1413 1281 1442; x_wconf 81' lang='lat' dir='ltr'><strong>morosam</strong></span> <span class='ocrx_word' id='word_1_129' title='bbox 1321 1399 1442 1442; x_wconf 91' lang='lat' dir='ltr'><strong>illam</strong></span> <span class='ocrx_word' id='word_1_130' title='bbox 1481 1400 1733 1457; x_wconf 86' lang='lat' dir='ltr'><strong>opinionem</strong></span> <span class='ocrx_word' id='word_1_131' title='bbox 1769 1398 1895 1442; x_wconf 82' lang='lat' dir='ltr'><strong>Anti-</strong></span> 
     </span>
     <span class='ocr_line' id='line_1_17' title="bbox 259 1469 1895 1528; baseline 0 -15"><span class='ocrx_word' id='word_1_132' title='bbox 259 1470 424 1513; x_wconf 85' lang='lat' dir='ltr'><strong>sthenis</strong></span> <span class='ocrx_word' id='word_1_133' title='bbox 466 1476 508 1513; x_wconf 89' lang='lat' dir='ltr'><strong>et</strong></span> <span class='ocrx_word' id='word_1_134' title='bbox 549 1469 836 1527; x_wconf 81' lang='lat' dir='ltr'><strong>Cynicorum,</strong></span> <span class='ocrx_word' id='word_1_135' title='bbox 879 1471 952 1527; x_wconf 91' lang='lat' dir='ltr'><strong>qui</strong></span> <span class='ocrx_word' id='word_1_136' title='bbox 998 1486 1044 1513; x_wconf 89' lang='lat' dir='ltr'><strong>se</strong></span> <span class='ocrx_word' id='word_1_137' title='bbox 1089 1470 1198 1513; x_wconf 85' lang='lat' dir='ltr'><strong>solos</strong></span> <span class='ocrx_word' id='word_1_138' title='bbox 1243 1486 1336 1514; x_wconf 86' lang='lat' dir='ltr'><strong>esse</strong></span> <span class='ocrx_word' id='word_1_139' title='bbox 1377 1472 1598 1528; x_wconf 86' lang='lat' dir='ltr'><strong>sapientes</strong></span> <span class='ocrx_word' id='word_1_140' title='bbox 1643 1477 1686 1513; x_wconf 87' lang='lat' dir='ltr'><strong>et</strong></span> <span class='ocrx_word' id='word_1_141' title='bbox 1729 1470 1895 1526; x_wconf 87' lang='lat' dir='ltr'><strong>felices,</strong></span> 
     </span>
     <span class='ocr_line' id='line_1_18' title="bbox 258 1541 1894 1600; baseline 0 -16"><span class='ocrx_word' id='word_1_142' title='bbox 258 1557 405 1585; x_wconf 88' lang='lat' dir='ltr'><strong>omnes</strong></span> <span class='ocrx_word' id='word_1_143' title='bbox 449 1541 555 1584; x_wconf 87' lang='lat' dir='ltr'><strong>alios</strong></span> <span class='ocrx_word' id='word_1_144' title='bbox 595 1541 793 1584; x_wconf 89' lang='lat' dir='ltr'><strong>homines</strong></span> <span class='ocrx_word' id='word_1_145' title='bbox 839 1543 1076 1585; x_wconf 84' lang='lat' dir='ltr'><strong>inscientes</strong></span> <span class='ocrx_word' id='word_1_146' title='bbox 1120 1544 1386 1600; x_wconf 89' lang='lat' dir='ltr'><strong>miserosque</strong></span> <span class='ocrx_word' id='word_1_147' title='bbox 1429 1558 1521 1586; x_wconf 92' lang='lat' dir='ltr'><strong>esse</strong></span> <span class='ocrx_word' id='word_1_148' title='bbox 1564 1542 1894 1587; x_wconf 87' lang='lat' dir='ltr'><strong>contenderent.</strong></span> 
     </span>
     <span class='ocr_line' id='line_1_19' title="bbox 257 1606 1892 1672; baseline 0 -16"><span class='ocrx_word' id='word_1_149' title='bbox 257 1615 423 1657; x_wconf 87' lang='lat' dir='ltr'><strong>Tamen</strong></span> <span class='ocrx_word' id='word_1_150' title='bbox 452 1616 582 1658; x_wconf 85' lang='lat' dir='ltr'><strong>etiam</strong></span> <span class='ocrx_word' id='word_1_151' title='bbox 615 1615 696 1658; x_wconf 92' lang='lat' dir='ltr'><strong>hoc</strong></span> <span class='ocrx_word' id='word_1_152' title='bbox 724 1615 817 1658; x_wconf 92' lang='lat' dir='ltr'><strong>loco</strong></span> <span class='ocrx_word' id='word_1_153' title='bbox 844 1615 1057 1658; x_wconf 87' lang='lat' dir='ltr'><strong>Isocrates</strong></span> <span class='ocrx_word' id='word_1_154' title='bbox 1084 1630 1160 1672; x_wconf 91' lang='lat' dir='ltr'><strong>pro</strong></span> <span class='ocrx_word' id='word_1_155' title='bbox 1190 1630 1308 1658; x_wconf 88' lang='lat' dir='ltr'><strong>more</strong></span> <span class='ocrx_word' id='word_1_156' title='bbox 1340 1606 1415 1665; x_wconf 85' lang='lat' dir='ltr'><strong>suo</strong></span> <span class='ocrx_word' id='word_1_157' title='bbox 1453 1614 1647 1658; x_wconf 88' lang='lat' dir='ltr'><strong>aemulos</strong></span> <span class='ocrx_word' id='word_1_158' title='bbox 1684 1615 1892 1667; x_wconf 86' lang='lat' dir='ltr'><strong>imitatur,</strong></span> 
     </span>
     <span class='ocr_line' id='line_1_20' title="bbox 256 1693 1011 1744; baseline 0.001 -16"><span class='ocrx_word' id='word_1_159' title='bbox 256 1701 514 1744; x_wconf 88' lang='lat' dir='ltr'><strong>quamquam</strong></span> <span class='ocrx_word' id='word_1_160' title='bbox 548 1693 698 1729; x_wconf 86' lang='lat' dir='ltr'><strong>eontra</strong></span> <span class='ocrx_word' id='word_1_161' title='bbox 730 1701 801 1730; x_wconf 88' lang='grc'><strong>008</strong></span> <span class='ocrx_word' id='word_1_162' title='bbox 832 1694 1011 1744; x_wconf 82' lang='lat' dir='ltr'><strong>pugnat.</strong></span> 
     </span>
    </p>

    <p class='ocr_par' dir='ltr' id='par_1_4' title="bbox 255 1756 1892 1943">
     <span class='ocr_line' id='line_1_21' title="bbox 373 1756 1892 1815; baseline 0 -14"><span class='ocrx_word' id='word_1_163' title='bbox 373 1759 485 1802; x_wconf 89' lang='lat' dir='ltr'><strong>Nam</strong></span> <span class='ocrx_word' id='word_1_164' title='bbox 509 1774 604 1801; x_wconf 87' lang='lat' dir='ltr'><strong>cum</strong></span> <span class='ocrx_word' id='word_1_165' title='bbox 629 1764 785 1815; x_wconf 85' lang='lat' dir='ltr'><strong>pergat</strong></span> <span class='ocrx_word' id='word_1_166' title='bbox 804 1758 1043 1815; x_wconf 88' lang='lat' dir='ltr'><strong>plurimum</strong></span> <span class='ocrx_word' id='word_1_167' title='bbox 1064 1758 1348 1802; x_wconf 90' lang='lat' dir='ltr'><strong>tribuendum</strong></span> <span class='ocrx_word' id='word_1_168' title='bbox 1373 1756 1583 1802; x_wconf 75' lang='grc' dir='ltr'>παιδεύσει</span> <span class='ocrx_word' id='word_1_169' title='bbox 1612 1763 1655 1800; x_wconf 89' lang='grc'><strong>01</strong></span> <span class='ocrx_word' id='word_1_170' title='bbox 1676 1756 1892 1815; x_wconf 81' lang='grc' dir='ltr'>ἐπιμελείᾳ</span> 
     </span>
     <span class='ocr_line' id='line_1_22' title="bbox 255 1828 1889 1887; baseline -0.001 -16"><span class='ocrx_word' id='word_1_171' title='bbox 255 1831 300 1872; x_wconf 90' lang='grc'><strong>111</strong></span> <span class='ocrx_word' id='word_1_172' title='bbox 333 1831 495 1873; x_wconf 88' lang='lat' dir='ltr'><strong>virtute</strong></span> <span class='ocrx_word' id='word_1_173' title='bbox 528 1830 835 1887; x_wconf 86' lang='lat' dir='ltr'><strong>comparanda,</strong></span> <span class='ocrx_word' id='word_1_174' title='bbox 874 1846 1023 1873; x_wconf 87' lang='lat' dir='ltr'><strong>rursus</strong></span> <span class='ocrx_word' id='word_1_175' title='bbox 1061 1831 1257 1887; x_wconf 90' lang='lat' dir='ltr'><strong>sequitur</strong></span> <span class='ocrx_word' id='word_1_176' title='bbox 1289 1829 1568 1887; x_wconf 87' lang='lat' dir='ltr'><strong>sophisticam</strong></span> <span class='ocrx_word' id='word_1_177' title='bbox 1601 1835 1644 1872; x_wconf 91' lang='lat' dir='ltr'><strong>et</strong></span> <span class='ocrx_word' id='word_1_178' title='bbox 1676 1828 1889 1885; x_wconf 80' lang='lat' dir='ltr'><strong>Cynicam</strong></span> 
     </span>
     <span class='ocr_line' id='line_1_23' title="bbox 255 1901 509 1943; baseline 0 0"><span class='ocrx_word' id='word_1_179' title='bbox 255 1901 509 1943; x_wconf 87' lang='lat' dir='ltr'><strong>doctrinam.</strong></span> 
     </span>
    </p>

    <p class='ocr_par' dir='ltr' id='par_1_5' title="bbox 250 1973 1886 2244">
     <span class='ocr_line' id='line_1_24' title="bbox 370 1973 1886 2031; baseline -0.001 -16"><span class='ocrx_word' id='word_1_180' title='bbox 370 1973 492 2016; x_wconf 90' lang='lat' dir='ltr'><strong>Haec</strong></span> <span class='ocrx_word' id='word_1_181' title='bbox 524 1979 782 2030; x_wconf 86' lang='lat' dir='ltr'><strong>argumenta</strong></span> <span class='ocrx_word' id='word_1_182' title='bbox 814 1974 1014 2016; x_wconf 89' lang='lat' dir='ltr'><strong>sufficere</strong></span> <span class='ocrx_word' id='word_1_183' title='bbox 1046 1978 1248 2031; x_wconf 87' lang='lat' dir='ltr'><strong>putamus</strong></span> <span class='ocrx_word' id='word_1_184' title='bbox 1280 1973 1336 2015; x_wconf 87' lang='lat' dir='ltr'><strong>ad</strong></span> <span class='ocrx_word' id='word_1_185' title='bbox 1369 1974 1664 2017; x_wconf 89' lang='lat' dir='ltr'><strong>coniecturam</strong></span> <span class='ocrx_word' id='word_1_186' title='bbox 1696 1977 1886 2014; x_wconf 83' lang='lat' dir='ltr'><strong>nostram</strong></span> 
     </span>
     <span class='ocr_line' id='line_1_25' title="bbox 251 2043 1883 2103; baseline 0 -18"><span class='ocrx_word' id='word_1_187' title='bbox 251 2044 619 2087; x_wconf 88' lang='lat' dir='ltr'><strong>confirmandam:</strong></span> <span class='ocrx_word' id='word_1_188' title='bbox 658 2045 765 2087; x_wconf 88' lang='lat' dir='ltr'><strong>falso</strong></span> <span class='ocrx_word' id='word_1_189' title='bbox 805 2046 940 2101; x_wconf 84' lang='lat' dir='ltr'><strong>igitur</strong></span> <span class='ocrx_word' id='word_1_190' title='bbox 978 2045 1057 2089; x_wconf 88' lang='lat' dir='ltr'><strong>sub</strong></span> <span class='ocrx_word' id='word_1_191' title='bbox 1101 2045 1408 2103; x_wconf 90' lang='lat' dir='ltr'><strong>Xenophontis</strong></span> <span class='ocrx_word' id='word_1_192' title='bbox 1453 2045 1629 2087; x_wconf 89' lang='lat' dir='ltr'><strong>nomine</strong></span> <span class='ocrx_word' id='word_1_193' title='bbox 1675 2043 1883 2086; x_wconf 87' lang='lat' dir='ltr'><strong>traditum</strong></span> 
     </span>
     <span class='ocr_line' id='line_1_26' title="bbox 250 2112 1885 2173; baseline 0 -17"><span class='ocrx_word' id='word_1_194' title='bbox 250 2114 543 2170; x_wconf 78' lang='lat' dir='ltr'><strong>fragmentum</strong></span> <span class='ocrx_word' id='word_1_195' title='bbox 575 2115 830 2159; x_wconf 86' lang='lat' dir='ltr'><strong>Antistheni</strong></span> <span class='ocrx_word' id='word_1_196' title='bbox 872 2116 1190 2159; x_wconf 88' lang='lat' dir='ltr'><strong>vindicandum</strong></span> <span class='ocrx_word' id='word_1_197' title='bbox 1233 2123 1296 2159; x_wconf 89' lang='grc'><strong>081</strong></span> <span class='ocrx_word' id='word_1_198' title='bbox 1337 2131 1387 2158; x_wconf 86' lang='lat' dir='ltr'><strong>ac</strong></span> <span class='ocrx_word' id='word_1_199' title='bbox 1419 2115 1532 2159; x_wconf 89' lang='lat' dir='ltr'><strong>libro</strong></span> <span class='ocrx_word' id='word_1_200' title='bbox 1564 2115 1740 2173; x_wconf 87' lang='lat' dir='ltr'><strong>quidem</strong></span> <span class='ocrx_word' id='word_1_201' title='bbox 1781 2112 1885 2171; x_wconf 73' lang='grc' dir='ltr'>,περὶ</span> 
     </span>
     <span class='ocr_line' id='line_1_27' title="bbox 251 2185 1007 2244; baseline 0 -15"><span class='ocrx_word' id='word_1_202' title='bbox 251 2185 483 2241; x_wconf 58' lang='grc' dir='ltr'>Θεόγνιδος(</span> <span class='ocrx_word' id='word_1_203' title='bbox 495 2188 533 2229; x_wconf 88' lang='lat'><strong>¹⁷.</strong></span> <span class='ocrx_word' id='word_1_204' title='bbox 1005 2242 1007 2244; x_wconf 25' lang='grc'>-</span> 
     </span>
    </p>

    <p class='ocr_par' dir='ltr' id='par_1_6' title="bbox 202 2257 1882 2674">
     <span class='ocr_line' id='line_1_28' title="bbox 367 2257 1877 2318; baseline 0 -19"><span class='ocrx_word' id='word_1_205' title='bbox 367 2257 513 2300; x_wconf 89' lang='lat' dir='ltr'><strong>Etiam</strong></span> <span class='ocrx_word' id='word_1_206' title='bbox 560 2258 733 2316; x_wconf 89' lang='lat' dir='ltr'><strong>longius</strong></span> <span class='ocrx_word' id='word_1_207' title='bbox 773 2260 981 2318; x_wconf 88' lang='lat' dir='ltr'><strong>progredi</strong></span> <span class='ocrx_word' id='word_1_208' title='bbox 1024 2260 1150 2303; x_wconf 86' lang='lat' dir='ltr'><strong>nobis</strong></span> <span class='ocrx_word' id='word_1_209' title='bbox 1193 2260 1330 2303; x_wconf 92' lang='lat' dir='ltr'><strong>licere</strong></span> <span class='ocrx_word' id='word_1_210' title='bbox 1376 2266 1504 2317; x_wconf 88' lang='lat' dir='ltr'><strong>puto:</strong></span> <span class='ocrx_word' id='word_1_211' title='bbox 1546 2258 1724 2302; x_wconf 88' lang='lat' dir='ltr'><strong>videtur</strong></span> <span class='ocrx_word' id='word_1_212' title='bbox 1761 2259 1877 2301; x_wconf 88' lang='lat' dir='ltr'><strong>enim</strong></span> 
     </span>
     <span class='ocr_line' id='line_1_29' title="bbox 202 2329 1882 2389; baseline 0.001 -19"><span class='ocrx_word' id='word_1_213' title='bbox 202 2379 204 2382; x_wconf 14' lang='grc' dir='ltr'>γ</span> <span class='ocrx_word' id='word_1_214' title='bbox 247 2330 539 2385; x_wconf 89' lang='lat' dir='ltr'><strong>fragmentum</strong></span> <span class='ocrx_word' id='word_1_215' title='bbox 582 2330 693 2373; x_wconf 89' lang='lat' dir='ltr'><strong>illud</strong></span> <span class='ocrx_word' id='word_1_216' title='bbox 731 2332 777 2373; x_wconf 91' lang='lat' dir='ltr'><strong>in</strong></span> <span class='ocrx_word' id='word_1_217' title='bbox 817 2332 943 2373; x_wconf 91' lang='lat' dir='ltr'><strong>initio</strong></span> <span class='ocrx_word' id='word_1_218' title='bbox 982 2331 1085 2374; x_wconf 87' lang='lat' dir='ltr'><strong>libri</strong></span> <span class='ocrx_word' id='word_1_219' title='bbox 1124 2332 1311 2389; x_wconf 88' lang='lat' dir='ltr'><strong>positum</strong></span> <span class='ocrx_word' id='word_1_220' title='bbox 1350 2331 1495 2374; x_wconf 88' lang='lat' dir='ltr'><strong>fuisse.</strong></span> <span class='ocrx_word' id='word_1_221' title='bbox 1520 2331 1638 2375; x_wconf 87' lang='grc' dir='ltr'><strong>,Ηο0</strong></span> <span class='ocrx_word' id='word_1_222' title='bbox 1682 2329 1882 2372; x_wconf 88' lang='lat' dir='ltr'><strong>indicant</strong></span> 
     </span>
     <span class='ocr_line' id='line_1_30' title="bbox 248 2392 1879 2460; baseline 0 -18"><span class='ocrx_word' id='word_1_223' title='bbox 248 2399 384 2443; x_wconf 87' lang='lat' dir='ltr'><strong>verba</strong></span> <span class='ocrx_word' id='word_1_224' title='bbox 415 2392 552 2455; x_wconf 71' lang='grc' dir='ltr'>,οὗτος</span> <span class='ocrx_word' id='word_1_225' title='bbox 585 2400 628 2444; x_wconf 85' lang='grc' dir='ltr'><strong>δὲ</strong></span> <span class='ocrx_word' id='word_1_226' title='bbox 660 2400 678 2445; x_wconf 82' lang='grc' dir='ltr'><em>ὃ</em></span> <span class='ocrx_word' id='word_1_227' title='bbox 714 2402 893 2460; x_wconf 70' lang='grc' dir='ltr'>ποιητὴς</span> <span class='ocrx_word' id='word_1_228' title='bbox 924 2402 1017 2460; x_wconf 67' lang='grc' dir='ltr'>περὶ</span> <span class='ocrx_word' id='word_1_229' title='bbox 1039 2402 1214 2454; x_wconf 56' lang='grc' dir='ltr'>οὐδενὸς(</span> <span class='ocrx_word' id='word_1_230' title='bbox 1237 2406 1343 2460; x_wconf 87' lang='grc' dir='ltr'>κτλ.,</span> <span class='ocrx_word' id='word_1_231' title='bbox 1376 2418 1486 2460; x_wconf 86' lang='lat' dir='ltr'><strong>quae</strong></span> <span class='ocrx_word' id='word_1_232' title='bbox 1510 2402 1545 2444; x_wconf 90' lang='lat' dir='ltr'><strong>si</strong></span> <span class='ocrx_word' id='word_1_233' title='bbox 1569 2416 1625 2444; x_wconf 86' lang='lat' dir='ltr'><strong>ex</strong></span> <span class='ocrx_word' id='word_1_234' title='bbox 1651 2400 1766 2443; x_wconf 90' lang='lat' dir='ltr'><strong>libro</strong></span> <span class='ocrx_word' id='word_1_235' title='bbox 1787 2399 1879 2456; x_wconf 74' lang='grc' dir='ltr'>περὶ</span> 
     </span>
     <span class='ocr_line' id='line_1_31' title="bbox 248 2470 1878 2528; baseline -0.001 -14"><span class='ocrx_word' id='word_1_236' title='bbox 248 2470 461 2527; x_wconf 81' lang='grc' dir='ltr'>Θεόγνιδος</span> <span class='ocrx_word' id='word_1_237' title='bbox 504 2472 658 2515; x_wconf 86' lang='lat' dir='ltr'><strong>hausta</strong></span> <span class='ocrx_word' id='word_1_238' title='bbox 699 2480 816 2528; x_wconf 89' lang='lat' dir='ltr'><strong>sunt,</strong></span> <span class='ocrx_word' id='word_1_239' title='bbox 857 2474 1028 2517; x_wconf 91' lang='lat' dir='ltr'><strong>nullum</strong></span> <span class='ocrx_word' id='word_1_240' title='bbox 1072 2474 1207 2518; x_wconf 89' lang='lat' dir='ltr'><strong>alium</strong></span> <span class='ocrx_word' id='word_1_241' title='bbox 1256 2474 1399 2517; x_wconf 90' lang='lat' dir='ltr'><strong>locum</strong></span> <span class='ocrx_word' id='word_1_242' title='bbox 1443 2473 1644 2517; x_wconf 91' lang='lat' dir='ltr'><strong>obtinere</strong></span> <span class='ocrx_word' id='word_1_243' title='bbox 1687 2471 1878 2528; x_wconf 87' lang='lat' dir='ltr'><strong>potuisse</strong></span> 
     </span>
     <span class='ocr_line' id='line_1_32' title="bbox 246 2540 1878 2603; baseline 0 -18"><span class='ocrx_word' id='word_1_244' title='bbox 246 2550 365 2598; x_wconf 88' lang='lat' dir='ltr'><strong>patet</strong></span> <span class='ocrx_word' id='word_1_245' title='bbox 396 2545 480 2585; x_wconf 89' lang='lat' dir='ltr'><strong>nisi</strong></span> <span class='ocrx_word' id='word_1_246' title='bbox 514 2544 701 2598; x_wconf 82' lang='lat' dir='ltr'><strong>initium,</strong></span> <span class='ocrx_word' id='word_1_247' title='bbox 734 2551 863 2602; x_wconf 84' lang='lat' dir='ltr'><strong>atque</strong></span> <span class='ocrx_word' id='word_1_248' title='bbox 895 2547 1057 2603; x_wconf 87' lang='lat' dir='ltr'><strong>optime</strong></span> <span class='ocrx_word' id='word_1_249' title='bbox 1092 2546 1322 2602; x_wconf 63' lang='lat' dir='ltr'><strong>excipiunt</strong></span> <span class='ocrx_word' id='word_1_250' title='bbox 1352 2543 1489 2588; x_wconf 88' lang='lat' dir='ltr'><strong>verba</strong></span> <span class='ocrx_word' id='word_1_251' title='bbox 1510 2540 1744 2598; x_wconf 77' lang='grc' dir='ltr'>,Θεέγνιδός</span> <span class='ocrx_word' id='word_1_252' title='bbox 1767 2541 1878 2586; x_wconf 80' lang='grc' dir='ltr'>ἐστιν</span> 
     </span>
     <span class='ocr_line' id='line_1_33' title="bbox 244 2613 1193 2674; baseline 0.003 -17"><span class='ocrx_word' id='word_1_253' title='bbox 244 2613 323 2671; x_wconf 79' lang='grc' dir='ltr'><strong>ἔπη</strong></span> <span class='ocrx_word' id='word_1_254' title='bbox 356 2617 427 2658; x_wconf 83' lang='grc' dir='ltr'><strong>τοῦ</strong></span> <span class='ocrx_word' id='word_1_255' title='bbox 463 2616 701 2671; x_wconf 65' lang='grc' dir='ltr'><strong>Μεγαρέωςί</strong></span> <span class='ocrx_word' id='word_1_256' title='bbox 735 2619 790 2670; x_wconf 77' lang='lat' dir='ltr'><strong>(v,</strong></span> <span class='ocrx_word' id='word_1_257' title='bbox 823 2615 988 2674; x_wconf 78' lang='lat' dir='ltr'><strong>22s23).</strong></span> <span class='ocrx_word' id='word_1_258' title='bbox 1187 2613 1193 2619; x_wconf 69' lang='grc'><strong><em>’</em></strong></span> 
     </span>
    </p>

    <p class='ocr_par' dir='ltr' id='par_1_7' title="bbox 242 2686 1877 2887">
     <span class='ocr_line' id='line_1_34' title="bbox 362 2686 1877 2745; baseline -0.001 -16"><span class='ocrx_word' id='word_1_259' title='bbox 362 2687 484 2739; x_wconf 78' lang='lat' dir='ltr'><strong>Quae</strong></span> <span class='ocrx_word' id='word_1_260' title='bbox 518 2703 622 2730; x_wconf 89' lang='lat' dir='ltr'><strong>vero</strong></span> <span class='ocrx_word' id='word_1_261' title='bbox 653 2694 742 2730; x_wconf 89' lang='lat' dir='ltr'><strong>tota</strong></span> <span class='ocrx_word' id='word_1_262' title='bbox 773 2689 907 2732; x_wconf 86' lang='lat' dir='ltr'><strong>fuerit</strong></span> <span class='ocrx_word' id='word_1_263' title='bbox 945 2689 1048 2732; x_wconf 88' lang='lat' dir='ltr'><strong>libri</strong></span> <span class='ocrx_word' id='word_1_264' title='bbox 1088 2688 1270 2745; x_wconf 86' lang='lat' dir='ltr'><strong>indoles,</strong></span> <span class='ocrx_word' id='word_1_265' title='bbox 1304 2704 1359 2731; x_wconf 91' lang='lat' dir='ltr'><strong>ne</strong></span> <span class='ocrx_word' id='word_1_266' title='bbox 1393 2688 1474 2730; x_wconf 91' lang='lat' dir='ltr'><strong>hoe</strong></span> <span class='ocrx_word' id='word_1_267' title='bbox 1507 2687 1684 2744; x_wconf 86' lang='lat' dir='ltr'><strong>quidem</strong></span> <span class='ocrx_word' id='word_1_268' title='bbox 1716 2686 1877 2728; x_wconf 88' lang='lat' dir='ltr'><strong>sufficit</strong></span> 
     </span>
     <span class='ocr_line' id='line_1_35' title="bbox 242 2757 1874 2816; baseline 0.001 -19"><span class='ocrx_word' id='word_1_269' title='bbox 242 2757 554 2813; x_wconf 82' lang='lat' dir='ltr'><strong>fragmentum,</strong></span> <span class='ocrx_word' id='word_1_270' title='bbox 583 2765 630 2801; x_wconf 91' lang='lat' dir='ltr'><strong>ut</strong></span> <span class='ocrx_word' id='word_1_271' title='bbox 657 2761 931 2816; x_wconf 86' lang='lat' dir='ltr'><strong>perspicuam</strong></span> <span class='ocrx_word' id='word_1_272' title='bbox 962 2760 1086 2803; x_wconf 88' lang='lat' dir='ltr'><strong>nobis</strong></span> <span class='ocrx_word' id='word_1_273' title='bbox 1108 2761 1325 2816; x_wconf 88' lang='lat' dir='ltr'><strong>fingamus</strong></span> <span class='ocrx_word' id='word_1_274' title='bbox 1355 2760 1605 2815; x_wconf 84' lang='lat' dir='ltr'><strong>imaginem.</strong></span> <span class='ocrx_word' id='word_1_275' title='bbox 1637 2757 1874 2800; x_wconf 88' lang='lat' dir='ltr'><strong>Auctorem</strong></span> 
     </span>
     <span class='ocr_line' id='line_1_36' title="bbox 242 2826 1874 2887; baseline 0 -18"><span class='ocrx_word' id='word_1_276' title='bbox 242 2834 385 2870; x_wconf 89' lang='lat' dir='ltr'><strong>autem</strong></span> <span class='ocrx_word' id='word_1_277' title='bbox 425 2830 554 2870; x_wconf 86' lang='lat' dir='ltr'><strong>etiam</strong></span> <span class='ocrx_word' id='word_1_278' title='bbox 593 2829 719 2886; x_wconf 88' lang='lat' dir='ltr'><strong>plura</strong></span> <span class='ocrx_word' id='word_1_279' title='bbox 756 2830 985 2886; x_wconf 89' lang='lat' dir='ltr'><strong>protulisse</strong></span> <span class='ocrx_word' id='word_1_280' title='bbox 1023 2831 1079 2874; x_wconf 92' lang='lat' dir='ltr'><strong>de</strong></span> <span class='ocrx_word' id='word_1_281' title='bbox 1117 2830 1378 2887; x_wconf 86' lang='lat' dir='ltr'><strong>Theognide</strong></span> <span class='ocrx_word' id='word_1_282' title='bbox 1423 2845 1551 2887; x_wconf 88' lang='lat' dir='ltr'><strong>quam</strong></span> <span class='ocrx_word' id='word_1_283' title='bbox 1602 2843 1713 2886; x_wconf 88' lang='lat' dir='ltr'><strong>quae</strong></span> <span class='ocrx_word' id='word_1_284' title='bbox 1757 2826 1874 2884; x_wconf 91' lang='lat' dir='ltr'><strong>apud</strong></span> 
     </span>
    </p>
   </div>
   <div class='ocr_carea' id='block_1_3' title="bbox 269 2937 485 2948">
    <p class='ocr_par' dir='ltr' id='par_1_8' title="bbox 269 2937 485 2948">
     <span class='ocr_line' id='line_1_37' title="bbox 269 2937 485 2948; baseline 0 0"><span class='ocrx_word' id='word_1_285' title='bbox 269 2937 485 2948; x_wconf 95' lang='lat' dir='ltr'><strong> </strong></span> 
     </span>
    </p>
   </div>
   <div class='ocr_carea' id='block_1_4' title="bbox 237 3014 1870 3170">
    <p class='ocr_par' dir='ltr' id='par_1_9' title="bbox 237 3014 1870 3170">
     <span class='ocr_line' id='line_1_38' title="bbox 358 3014 1868 3059; baseline 0.001 -13"><span class='ocrx_word' id='word_1_286' title='bbox 358 3014 431 3047; x_wconf 83' lang='lat' dir='ltr'><strong>adn.</strong></span> <span class='ocrx_word' id='word_1_287' title='bbox 465 3014 514 3056; x_wconf 82' lang='grc'><strong>17.</strong></span> <span class='ocrx_word' id='word_1_288' title='bbox 543 3015 631 3053; x_wconf 89' lang='lat' dir='ltr'><strong>Quod</strong></span> <span class='ocrx_word' id='word_1_289' title='bbox 657 3016 690 3050; x_wconf 90' lang='grc' dir='ltr'><strong>Ο.</strong></span> <span class='ocrx_word' id='word_1_290' title='bbox 718 3017 869 3050; x_wconf 82' lang='lat' dir='ltr'><strong>Immisch</strong></span> <span class='ocrx_word' id='word_1_291' title='bbox 897 3016 1086 3057; x_wconf 81' lang='lat' dir='ltr'><strong>(comment.</strong></span> <span class='ocrx_word' id='word_1_292' title='bbox 1114 3017 1145 3050; x_wconf 85' lang='lat' dir='ltr'><strong>in</strong></span> <span class='ocrx_word' id='word_1_293' title='bbox 1173 3018 1249 3051; x_wconf 87' lang='lat' dir='ltr'><strong>hon.</strong></span> <span class='ocrx_word' id='word_1_294' title='bbox 1277 3015 1366 3051; x_wconf 85' lang='lat' dir='ltr'><strong>Ribh.</strong></span> <span class='ocrx_word' id='word_1_295' title='bbox 1394 3026 1423 3059; x_wconf 86' lang='lat' dir='ltr'><strong>p.</strong></span> <span class='ocrx_word' id='word_1_296' title='bbox 1452 3018 1509 3056; x_wconf 83' lang='grc'><strong>93)</strong></span> <span class='ocrx_word' id='word_1_297' title='bbox 1526 3020 1664 3050; x_wconf 81' lang='lat' dir='ltr'><strong>conatus</strong></span> <span class='ocrx_word' id='word_1_298' title='bbox 1683 3017 1734 3049; x_wconf 88' lang='lat' dir='ltr'><strong>est</strong></span> <span class='ocrx_word' id='word_1_299' title='bbox 1751 3015 1868 3049; x_wconf 80' lang='lat' dir='ltr'><strong>librum</strong></span> 
     </span>
     <span class='ocr_line' id='line_1_39' title="bbox 239 3069 1870 3114; baseline 0.001 -12"><span class='ocrx_word' id='word_1_300' title='bbox 239 3070 400 3110; x_wconf 76' lang='lat' dir='ltr'><strong>quendam</strong></span> <span class='ocrx_word' id='word_1_301' title='bbox 429 3079 662 3112; x_wconf 79' lang='lat' dir='ltr'><strong>anonymum</strong></span> <span class='ocrx_word' id='word_1_302' title='bbox 696 3069 772 3113; x_wconf 79' lang='grc' dir='ltr'>περὶ</span> <span class='ocrx_word' id='word_1_303' title='bbox 803 3070 987 3114; x_wconf 79' lang='grc' dir='ltr'>Θεόγνιδος</span> <span class='ocrx_word' id='word_1_304' title='bbox 1017 3073 1225 3114; x_wconf 81' lang='lat' dir='ltr'><strong>Xenophonti</strong></span> <span class='ocrx_word' id='word_1_305' title='bbox 1260 3073 1443 3112; x_wconf 79' lang='lat' dir='ltr'><strong>vindicare.</strong></span> <span class='ocrx_word' id='word_1_306' title='bbox 1473 3073 1571 3106; x_wconf 83' lang='lat' dir='ltr'><strong>nimis</strong></span> <span class='ocrx_word' id='word_1_307' title='bbox 1597 3071 1771 3106; x_wconf 74' lang='lat' dir='ltr'><strong>artificiosa</strong></span> <span class='ocrx_word' id='word_1_308' title='bbox 1798 3072 1870 3105; x_wconf 82' lang='lat' dir='ltr'><strong>eius</strong></span> 
     </span>
     <span class='ocr_line' id='line_1_40' title="bbox 237 3125 1868 3170; baseline 0.002 -14"><span class='ocrx_word' id='word_1_309' title='bbox 237 3127 428 3165; x_wconf 72' lang='lat' dir='ltr'><strong>argumenta</strong></span> <span class='ocrx_word' id='word_1_310' title='bbox 461 3134 535 3159; x_wconf 80' lang='lat' dir='ltr'><strong>esse</strong></span> <span class='ocrx_word' id='word_1_311' title='bbox 567 3129 599 3159; x_wconf 82' lang='lat' dir='ltr'><strong>et</strong></span> <span class='ocrx_word' id='word_1_312' title='bbox 625 3128 702 3160; x_wconf 79' lang='lat' dir='ltr'><strong>mihi</strong></span> <span class='ocrx_word' id='word_1_313' title='bbox 730 3129 882 3161; x_wconf 71' lang='lat' dir='ltr'><strong>videntur</strong></span> <span class='ocrx_word' id='word_1_314' title='bbox 908 3130 941 3162; x_wconf 85' lang='lat' dir='ltr'><strong>et</strong></span> <span class='ocrx_word' id='word_1_315' title='bbox 972 3129 1063 3170; x_wconf 77' lang='lat' dir='ltr'><strong>aliis,</strong></span> <span class='ocrx_word' id='word_1_316' title='bbox 1097 3128 1228 3170; x_wconf 81' lang='lat' dir='ltr'><strong>opinor,</strong></span> <span class='ocrx_word' id='word_1_317' title='bbox 1264 3128 1471 3162; x_wconf 79' lang='lat' dir='ltr'><strong>videbuntur.</strong></span> <span class='ocrx_word' id='word_1_318' title='bbox 1508 3127 1558 3163; x_wconf 78' lang='lat' dir='ltr'><strong>(ef.</strong></span> <span class='ocrx_word' id='word_1_319' title='bbox 1587 3128 1628 3161; x_wconf 86' lang='lat' dir='ltr'><strong>et.</strong></span> <span class='ocrx_word' id='word_1_320' title='bbox 1660 3125 1693 3161; x_wconf 85' lang='lat' dir='ltr'><strong>E.</strong></span> <span class='ocrx_word' id='word_1_321' title='bbox 1721 3126 1868 3169; x_wconf 67' lang='lat' dir='ltr'><strong>animer,</strong></span> 
     </span>
    </p>
   </div>
   <div class='ocr_carea' id='block_1_5' title="bbox 236 3179 817 3224">
    <p class='ocr_par' dir='ltr' id='par_1_10' title="bbox 236 3179 817 3224">
     <span class='ocr_line' id='line_1_41' title="bbox 236 3179 817 3224; baseline 0.009 -12"><span class='ocrx_word' id='word_1_322' title='bbox 236 3179 387 3213; x_wconf 78' lang='lat' dir='ltr'><strong>Deutseh.</strong></span> <span class='ocrx_word' id='word_1_323' title='bbox 416 3181 511 3214; x_wconf 68' lang='lat' dir='ltr'><strong>Ltrzt.</strong></span> <span class='ocrx_word' id='word_1_324' title='bbox 544 3182 641 3220; x_wconf 78' lang='lat'><strong>1889,</strong></span> <span class='ocrx_word' id='word_1_325' title='bbox 669 3191 697 3224; x_wconf 85' lang='lat' dir='ltr'><strong>p.</strong></span> <span class='ocrx_word' id='word_1_326' title='bbox 729 3184 817 3222; x_wconf 69' lang='lat'><strong>743.)</strong></span> 
     </span>
    </p>
   </div>
   <div class='ocr_carea' id='block_1_6' title="bbox 2145 3287 2176 3554">
    <p class='ocr_par' dir='ltr' id='par_1_11' title="bbox 2145 3287 2176 3554">
     <span class='ocr_line' id='line_1_42' title="bbox 2145 3287 2176 3554; baseline 0 0"><span class='ocrx_word' id='word_1_327' title='bbox 2145 3287 2176 3554; x_wconf 95' lang='lat' dir='ltr'><strong> </strong></span> 
     </span>
    </p>
   </div>
  </div>
 </body>
</html>
