2176 3554
965 303 1266 346 ...10-

305 407 480 451 virtutis
521 409 803 464 cognovimus
842 416 885 451 et
925 409 1227 453 intelleximus
1268 412 1476 454 virtutem
1522 428 1615 456 esse
1658 415 1937 457 scientiam

305 493 356 520 ac
392 477 496 520 boni
535 478 713 535 quidem
754 481 996 522 scientiam.
1040 480 1259 533 Quoniam
1302 496 1406 523 vero
1449 483 1589 526 virtus
1634 491 1698 527 est
1741 486 1937 540 scientia,

304 555 535 606 propterea
567 551 696 592 ctiam
730 550 877 592 doceri
909 558 1061 607 potest.
1091 551 1236 608 Atque
1270 553 1379 595 haec
1412 560 1476 596 est
1507 557 1702 610 quaestio
1732 558 1938 614 princeps

304 621 350 663 in
371 621 524 677 primis
547 621 783 664 maioribus
805 621 993 679 dialogis
1020 622 1269 678 Platonicis,
1299 631 1444 666 utrum
1465 625 1605 667 virtus
1631 626 1779 670 doceri
1804 629 1938 684 possit

306 706 458 736 necne.
498 691 592 734 Hac
630 693 685 734 de
725 708 771 735 re
802 695 842 736 ei
880 695 1070 750 primum
1109 710 1207 737 cum
1245 695 1448 751 sophistis
1487 695 1798 752 disputandum
1833 706 1936 752 erat,

305 764 395 818 qui,
427 769 475 805 ut
506 779 655 806 omnes
687 763 805 818 alias,
839 765 899 806 ita
932 766 1063 807 etiam
1095 765 1210 808 hanc
1248 773 1384 808 artem
1418 783 1463 809 se
1496 767 1653 811 docere
1684 783 1807 825 posse
1841 783 1938 811 con-

304 833 562 887 tendebant,
604 850 688 891 qua
719 836 926 877 virtutem
966 836 1165 878 homines
1202 836 1285 879 sibi
1323 853 1478 894 parare
1517 846 1705 894 possent.
1751 839 1805 882 In
1842 841 1937 882 uni-

303 920 477 947 versum
500 913 645 948 autem
668 905 783 949 hanc
805 907 859 950 de
887 909 1050 951 virtute
1079 908 1322 951 doctrinam
1350 909 1640 966 sophistarum
1669 910 1936 968 temporibus

304 975 529 1018 hominum
561 978 728 1019 animos
760 977 890 1021 valde
922 980 1202 1035 permovisse,
1234 980 1494 1023 documento
1526 989 1626 1024 sunt
1646 989 1822 1038 praeter
1841 981 1939 1025 Pla·

304 1047 417 1089 tonis
449 1047 644 1103 dialogos
676 1048 905 1105 Euripidis
941 1051 1178 1107 praecipue
1210 1051 1475 1108 tragoediae,
1508 1052 1787 1096 Antisthenis
1819 1052 1935 1107 libri,

303 1117 609 1175 Xenophontis
641 1121 813 1177 scripta.
1706 1176 1710 1180 .

422 1188 648 1246 Sophistae
677 1192 886 1234 nimirum
915 1194 1240 1236 contendebant
1267 1196 1475 1237 virtutem
1499 1196 1645 1238 doceri
1668 1210 1808 1252 posse,
1837 1210 1935 1238 cum

303 1263 468 1304 victum
495 1270 537 1305 ct
557 1265 768 1319 pecunias
787 1264 871 1307 sibi
893 1272 1100 1321 pararent
1122 1266 1471 1308 adulescentium
1495 1268 1781 1310 institutione.
1800 1265 1935 1320 Quod

302 1348 406 1375 vero
429 1333 595 1376 Socrati
620 1341 662 1377 et
688 1335 859 1378 Platoni
889 1338 1082 1378 omnium
1113 1344 1205 1379 crat
1232 1339 1540 1394 gravissimum
1568 1345 1616 1380 ut
1643 1337 1935 1390 ostenderent,

304 1421 394 1447 eur
426 1405 573 1448 doceri
606 1415 749 1463 posset
780 1408 931 1461 virtus,
964 1408 1010 1450 id
1040 1424 1214 1465 prorsus
1246 1409 1549 1465 neglexerant,
1582 1423 1724 1466 neque
1752 1408 1937 1465 probare

305 1478 366 1518 eis
400 1478 596 1533 contigit.
628 1477 804 1535 Optime
837 1478 918 1521 hoc
950 1479 1193 1522 illustratur
1224 1480 1486 1537 Protagorae
1520 1481 1706 1537 dialogo.

422 1548 678 1605 Protagoras
701 1552 818 1592 enim
842 1558 1023 1593 conatur
1051 1551 1362 1607 demonstrare,
1391 1555 1599 1596 virtutem
1627 1555 1775 1599 doceri
1803 1572 1938 1613 posse.

305 1621 357 1661 cf.
389 1619 504 1662 Prot.
535 1621 656 1663 3230.
688 1620 1130 1677 Argumentationem
1162 1638 1266 1665 vero
1297 1625 1336 1666 ei
1366 1625 1453 1666 non
1480 1624 1595 1667 bene
1624 1628 1815 1681 cessisse,
1837 1629 1938 1671 finis

304 1690 495 1733 ostendit
527 1691 705 1748 dialogi.
737 1692 935 1736 Socrates
969 1695 1087 1736 enim
1121 1696 1159 1737 ei
1193 1694 1426 1747 obiecerat,
1448 1697 1656 1739 virtutem
1679 1697 1827 1740 doceri
1850 1713 1938 1741 non

302 1778 444 1819 posse,
484 1771 526 1806 et
565 1764 755 1821 exempli
797 1780 926 1808 causa
961 1766 1127 1822 profert
1165 1767 1358 1824 perditos
1398 1767 1510 1810 filios
1552 1769 1938 1813 celeberrimorum

304 1834 541 1877 hominum.
582 1835 692 1878 Tum
737 1852 839 1879 vero
884 1837 1002 1879 idem
1044 1837 1242 1880 Socrates
1284 1839 1551 1882 demonstrat
1592 1842 1799 1883 virtutem
1844 1857 1936 1884 esse

301 1904 536 1964 ἐπιστήμην
568 1923 618 1949 ac
650 1916 881 1965 prepterea
904 1909 1051 1951 doceri
1075 1925 1209 1966 posse,
1239 1926 1337 1952 cum
1361 1926 1412 1952 ea
1434 1912 1489 1953 sit
1510 1918 1666 1954 natura
1688 1909 1936 1969 ἐπιστήμης,

301 1986 349 2021 111
381 1978 528 2020 doceri
561 1980 706 2035 possit.
740 1980 792 2021 cf.
827 1987 879 2023 et.
912 1980 1029 2022 Men.
1062 1980 1153 2023 870.
1191 1981 1449 2037 Protagoras
1488 1989 1639 2026 contra
1670 1990 1820 2039 negat,
1850 1984 1937 2025 vir-

302 2057 439 2092 tutem
480 2048 715 2107 έπιστήμην
755 2066 863 2105 esse,
904 2067 1161 2108 quamquam
1207 2060 1337 2094 antea
1381 2054 1684 2108 contenderat,
1728 2056 1936 2098 virtutem

303 2121 450 2164 doceri
483 2136 617 2177 posse.
649 2121 745 2164 Hac
779 2124 823 2164 in
857 2130 1038 2180 utraque
1072 2130 1194 2180 parte
1229 2124 1574 2168 contradictione
1608 2126 1807 2182 dialogus
1840 2141 1937 2168 con—

304 2192 507 2235 eluditur.

420 2263 695 2307 Mirabantur
727 2280 855 2322 saepe
888 2267 973 2307 viri
1006 2266 1122 2309 docti
1157 2266 1322 2323 dialogi
1352 2268 1536 2323 exitum,
1571 2284 1713 2326 neque
1742 2271 1935 2326 quaestio

305 2338 397 2393 ipsa
429 2337 492 2377 eis
523 2336 579 2378 ad
616 2337 749 2379 finem
782 2337 994 2393 perducta
1027 2353 1119 2380 esse
1160 2338 1406 2381 videbatur.
1442 2339 1503 2382 At
1539 2340 1621 2383 hoc
1657 2347 1761 2397 puto
1799 2356 1934 2383 unum

303 2422 517 2464 quemque
550 2409 725 2462 sentire,
759 2408 981 2451 Socratem
1013 2409 1084 2451 vel
1107 2409 1334 2452 Platonem
1358 2410 1404 2453 id
1426 2419 1670 2453 assecutum
1694 2427 1799 2467 esse,
1821 2413 1935 2469 quod

302 2479 471 2535 assequi
504 2478 653 2532 voluit,
686 2486 732 2521 ut
764 2479 1033 2533 ostenderet,
1064 2480 1276 2536 sophistas
1307 2496 1456 2523 veros
1493 2482 1668 2525 virtutis
1706 2484 1935 2538 magistros

301 2565 399 2591 non
434 2565 544 2604 esse,
575 2550 689 2606 quod
721 2552 960 2604 nescirent,
1000 2566 1088 2593 cur
1119 2549 1259 2594 vii-'tus
1290 2552 1438 2594 doceri
1477 2560 1631 2609 posset,
1669 2554 1781 2608 sive,
1819 2554 1933 2610 quod

301 2636 388 2663 non
433 2628 707 2677 cognossent,
749 2622 957 2663 virtutem
1003 2637 1094 2664 esse
1137 2623 1365 2665 seientiam
1409 2624 1478 2676 (cf.
1521 2631 1574 2666 ct.
1615 2624 1789 2679 Bonitz,
1826 2625 1934 2669 Plat.

301 2693 422 2736 Stud.
456 2693 482 2735 3
513 2708 553 2749 p.
586 2692 780 2749 268s69).

419 2764 588 2807 Eadem
628 2766 822 2821 quaestio
867 2766 920 2807 de
965 2767 1137 2808 virtutis
1181 2766 1380 2809 doctrina
1423 2774 1633 2811 tractatur
1665 2770 1711 2810 in
1743 2769 1932 2811 Menone

302 2835 495 2892 dialogo,
546 2835 622 2878 ubi
676 2836 783 2879 95‘10
829 2837 884 2882 ad
938 2839 1361 2893 argumentationem
1417 2838 1683 2882 adhibentur
1738 2854 1931 2882 versus

300 2907 641 2964 Theognidei.

416 2979 607 3022 Necesse
653 2987 745 3021 erat
783 2996 1002 3037 exponere
1041 2997 1150 3038 quae
1190 2982 1299 3024 ratio
1340 2981 1793 3043 intercessitfPlatoni
1833 2996 1930 3024 clun

244 3071 266 3097 321
300 3051 514 3107 sophistis,
546 3058 594 3092 ut
626 3051 971 3107 intellegeretur,
1005 3068 1087 3109 quo
1121 3054 1166 3094 in
1200 3068 1318 3095 nexu
1350 3052 1665 3095 sententiarum
1690 3054 1930 3095 citarentur

300 3136 450 3164 versus
481 3121 770 3178 Theognidei.
