2176 3554
933 344 1224 387 -14—

263 465 380 492 mum
412 443 490 490 nos
523 449 702 491 adiuvat
733 449 993 506 Xenophon.
1031 434 1214 493 Duobus
1252 452 1369 493 enim
1407 451 1514 494 loeis
1545 468 1570 494 a
1600 450 1894 534 Xenophonte

264 520 398 564 iidem
430 535 586 577 versus
613 521 866 575 laudantur,
898 536 1003 578 quos
1035 510 1803 579 ffifflmssfidem
1803 520 1895 581 qui-

263 593 362 634 dem
394 584 647 650 quaestione
680 592 735 633 de
766 554 942 634 virtiltis
969 593 1179 635 doetlina.

382 663 508 706 Alter
540 664 659 706 locus
692 665 919 706 invenitur
952 665 997 706 in
1033 679 1154 706 conv.
1186 664 1241 718 II,
1278 665 1318 706 4.
1359 664 1590 722 Postquam
1628 666 1750 722 Lyco
1781 666 1897 708 dixit

263 750 497 792 puerorum
540 751 632 778 esse
671 737 910 791 unguentis
952 737 1028 791 uti,
1061 737 1123 778 ita
1158 732 1326 792 pergit:
1367 733 1495 792 ,ἡμᾶς
1532 734 1577 779 δὲ
1614 736 1716 788 τούς
1745 737 1898 794 μηκέτι

263 807 591 864 γυμναζομένους
604 806 714 857 ὗίνος
727 805 831 858 ὄζειν
845 805 1002 864 &riom
1019 805 1357 862 Kammo'evoeffit'oc:
1370 806 1420 863 νὴ
1433 806 1503 862 Δί’,
1519 805 1600 865 ἔφη
1615 805 1635 852 ὅ
1649 806 1895 865 Σωκράτης.

264 878 349 922 Καὶ
377 877 504 922 ⁷:652«)
531 876 582 922 ἄν
610 894 673 928 τις
701 879 827 921 τοῦτο
856 877 904 920 τὸ
931 878 1089 935 χρῖσμα
1118 878 1264 933 λάβοι;
1292 877 1352 923 Οὐ
1382 877 1443 935 μοί
1471 877 1551 933 Δί’,
1581 878 1676 936 ἔφη,
1708 878 1753 922 οὐ
1781 879 1896 936 παρὰ

263 954 344 993 τῶν
366 952 618 1007 μυοοπολῶν.
646 948 773 993 Ἀλλοὶ
795 948 925 993 πόθεν
946 947 1091 1006 Briso
1114 947 1199 1006 μὲν
1221 950 1427 1006 Θέογνις
1449 949 1542 1008 ἔφη.

435 1044 639 1100 messian>
671 1043 745 1100 μὲν
776 1044 854 1102 γάρ
886 1043 959 1090 ἀπ’
991 1043 1129 1089 &airzei
1162 1045 1360 1097 διδάξεαι’
1392 1042 1444 1104 ’ἢν
1475 1045 1519 1090 δὲ
1554 1050 1721 1090 κακοῖσι

535 1117 785 1174 συμμίσγῃς,
820 1115 996 1168 ἀπολεῖς
1026 1116 1100 1160 καὶ
1131 1116 1201 1162 τὸν
1233 1117 1357 1162 ἐόντα
1387 1117 1522 1161 νόονὶ(

381 1212 629 1269 Xenophon
680 1213 818 1267 igitur
866 1211 1040 1254 eosdem
1088 1212 1361 1269 Theognidis
1403 1227 1556 1255 versus
1601 1212 1724 1255 nulla
1767 1214 1900 1255 inter-

262 1285 401 1340 posita
431 1283 707 1326 dubitatione
739 1282 893 1338 adfert,
925 1298 1109 1340 quorum
1141 1284 1445 1326 auctoritatem
1476 1284 1601 1327 Plato
1633 1281 1804 1327 reiicit(

382 1354 572 1398 Casuine
615 1354 901 1398 tribuendum
944 1361 1024 1410 est,
1072 1361 1304 1412 utrumque
1354 1355 1508 1397 eadem
1554 1356 1598 1397 in
1644 1357 1898 1412 quaestione

262 1428 438 1470 diversa
468 1429 638 1470 ratione
671 1426 726 1468 de
759 1426 918 1469 iisdem
950 1426 1150 1469 versibus
1182 1426 1398 1481 iudicare,
1431 1442 1487 1469 an
1524 1426 1804 1469 statuendum
1836 1433 1901 1469 est

262 1498 452 1556 aliquam
483 1500 699 1542 rationem
731 1498 850 1540 hunc
883 1499 1000 1540 inter
1034 1505 1077 1541 et
1108 1498 1234 1541 illum
1267 1497 1558 1553 intercedere,
1591 1513 1690 1540 cum
1723 1498 1897 1541 eosdem

260 1586 412 1614 versus
433 1570 674 1613 adhibeant
688 1569 874 1612 eandem
897 1570 952 1612 ad
973 1569 1100 1612 rem?
1121 1570 1188 1613 Ac
1210 1570 1375 1613 dixerit
1397 1571 1613 1630 quispiam
1634 1569 1899 1627 Xenophon-

262 1650 348 1686 tem
382 1658 408 1685 a
443 1642 625 1685 Platone
664 1643 915 1699 impugnari
950 1642 1082 1684 etiam
1113 1642 1316 1684 Menonis
1356 1640 1468 1697 loco,
1507 1641 1561 1684 de
1600 1656 1683 1699 quo
1715 1643 1898 1698 agimus.

262 1714 349 1757 Sed
380 1720 550 1757 tantum
582 1713 717 1768 abest,
748 1720 798 1757 ut
828 1713 944 1770 apud
975 1713 1316 1771 Xenophontem
1349 1713 1572 1756 offendant
1603 1713 1649 1755 hi
1678 1713 1898 1770 Theogni-

262 1787 330 1829 ‹lis
360 1801 525 1841 versus,
555 1793 604 1829 ut
634 1786 861 1830 Platonem
894 1786 941 1828 id
971 1786 1102 1843 plane
1140 1785 1392 1842 neglexisse
1431 1785 1710 1828 statuendum
1748 1786 1804 1827 sit
1842 1810 1895 1815 —-

263 1861 309 1900 in
341 1858 596 1901 universum
628 1857 877 1915 Xenophon
908 1873 1062 1914 parum
1095 1858 1284 1914 insignis
1317 1858 1357 1899 ei
1389 1857 1642 1911 videbatur,
1678 1857 1752 1913 qui
1790 1855 1898 1898 mul-

262 1939 352 1972 tum
384 1932 678 1987 respiceretur
699 1955 768 1971 —.
799 1930 912 1971 Tum
945 1943 1047 1972 vero
1070 1929 1359 1972 demonstrari
1380 1934 1532 1986 potest,
1558 1927 1896 1984 Xenophontem

262 2002 330 2044 his
363 2004 410 2044 in
441 2001 641 2044 versibus
680 2002 824 2044 citatis
861 2000 997 2043 alium
1035 2001 1158 2057 sequi
1196 2006 1437 2054 auctorem,
1475 2000 1549 2056 qui
1587 1998 1722 2041 multo
1756 1999 1896 2053 magis

262 2073 439 2115 valebat
470 2073 586 2130 apud
618 2072 862 2127 Platonem,
899 2071 1036 2115 multo
1073 2073 1235 2129 quippe
1273 2071 1561 2128 periculosior
1597 2070 1897 2129 adversarius:

265 2145 665 2188 Antisthenem
708 2145 824 2198 dieo,
872 2150 1001 2201 atque
1049 2143 1167 2185 hunc
1212 2159 1322 2198 esse,
1368 2144 1442 2200 qui
1490 2131 1774 2221 impugstassffi·
1821 2139 1896 2181 illo

264 2217 466 2259 Menonis
498 2216 603 2259 loco.
791 2229 898 2300 ἅμ
927 2275 930 2277 Ὗ

381 2289 434 2331 In
480 2290 632 2331 eodem
678 2290 796 2331 enim
841 2285 1034 2331 convivii
1083 2289 1244 2344 capite,
1291 2301 1373 2343 quo
1420 2300 1572 2327 velsus
1618 2282 1896 2340 Theognidei

382 2439 457 2471 adn.
483 2439 513 2470 4.
554 2438 650 2471 Recte
689 2438 833 2470 ostendit
870 2437 1120 2479 Diimmlerus,
1131 2436 1232 2469 Akad.
1269 2444 1299 2476 p.
1340 2435 1403 2476 50,
1443 2433 1670 2475 Xenophontis
1711 2432 1895 2466 convivium

268 2496 424 2537 scriptum
452 2503 526 2527 csse
553 2497 627 2527 ante
657 2494 796 2527 Platonis
824 2493 1044 2534 Protagoram
1071 2501 1144 2526 eum
1170 2492 1254 2533 apud
1283 2490 1445 2523 Platonem
1472 2489 1505 2522 in
1530 2490 1614 2523 Prot.
1636 2490 1726 2522 347ο
1745 2490 1898 2530 tangatur

267 2551 348 2585 Xen.
377 2560 468 2585 conv.
494 2551 557 2593 Vll
590 2553 616 2583 l.

385 2608 454 2642 Alio
480 2616 609 2650 quoque
635 2607 830 2650 l‘iotagoiae
856 2609 926 2641 loco
953 2606 1136 2648 Xenophon
1163 2614 1224 2639 non
1251 2605 1358 2638 minus
1384 2603 1473 2645 tangi
1498 2603 1576 2636 mihi
1595 2602 1732 2636 videtui.
1760 2602 1792 2634 Si
1811 2602 1896 2635 enim

267 2665 507 2706 comparaveris
538 2663 624 2699 Xon.
656 2673 749 2699 conv.
782 2665 840 2708 ΙΙΙ,
874 2666 892 2697 2
926 2672 1000 2698 cum
1033 2663 1111 2696 Plat.
1144 2662 1228 2695 Prot.
1262 2662 1326 2694 347
1337 2659 1368 2703 b,
1394 2659 1536 2701 videbis,
1569 2659 1654 2692 idem
1687 2658 1727 2691 ab
1758 2659 1897 2700 utroque

268 2721 499 2764 commendari,
526 2721 558 2754 in
585 2721 743 2755 conviviis
769 2730 832 2755 non
859 2729 942 2763 opus
969 2728 1045 2754 esse
1070 2718 1294 2752 saltatrieihus
1319 2717 1434 2750 aliisve
1460 2715 1641 2749 artificibus
1667 2715 1726 2748 sed
1750 2715 1897 2748 convivis

269 2779 349 2819 ipsis
381 2778 476 2811 enixe
510 2778 710 2812 studendum
744 2786 818 2812 esse
850 2777 996 2819 ipsorum
1023 2784 1212 2810 sermonum
1247 2775 1378 2817 lepore,
1417 2777 1453 2806 ut
1488 2773 1575 2806 inter
1608 2781 1644 2805 sc
1682 2772 1896 2806 delectarent.

269 2836 389 2868 'samen
416 2837 449 2867 ct
474 2834 527 2867 hic
552 2834 735 2876 Xenophon
761 2833 887 2868 occulte
912 2834 1120 2875 vituperatur
1137 2841 1156 2865 a
1174 2832 1317 2866 Platone.
1344 2830 1423 2863 Nam
1442 2828 1628 2864 saltatrices
1646 2838 1663 2861 a
1683 2827 1897 2869 Xenophonte

268 2893 299 2925 in
326 2891 484 2925 conviviis
508 2899 574 2924 non
601 2891 726 2935 sperni,
753 2900 792 2924 ex
819 2891 911 2924 initio
939 2893 972 2923 et
996 2890 1061 2923 fine
1078 2888 1308 2931 Xenophontis
1326 2886 1467 2920 convivii
1485 2886 1603 2927 elucet,
1622 2885 1676 2918 ubi
1693 2884 1896 2926 Syracusana

268 2948 416 2982 saltatrix
440 2948 642 2990 producitur.

387 3005 464 3039 Cum
495 3013 574 3038 vero
605 3004 835 3046 Xenophontis
867 3004 1050 3038 convivium
1076 3002 1220 3037 Platonis
1253 3001 1446 3041 Protagorae
1478 2997 1714 3038 antecesserit,
1744 2997 1830 3030 idem
1855 2997 1895 3030 de

269 3062 405 3096 Menone
440 3062 614 3095 dicendum
647 3061 715 3105 est,
747 3069 819 3094 cum
851 3062 981 3095 constet
1011 3061 1100 3094 inter
1130 3058 1220 3093 viros
1251 3058 1364 3092 doctos
1394 3055 1565 3090 Menonem
1589 3055 1668 3096 post
1690 3053 1896 3094 Protagoram

270 3119 426 3161 scriptum
454 3127 540 3152 esse.
566 3119 606 3151 cs.
633 3117 810 3159 Susemiln,
836 3117 940 3151 Entw.
965 3117 997 3150 d.
1024 3117 1105 3150 Plat.
1131 3115 1212 3150 Phil.
1239 3115 1251 3148 1
1275 3124 1308 3157 p.
1335 3116 1389 3151 83,
1415 3113 1448 3146 b.
1466 3111 1499 3146 F.
1518 3111 1696 3153 Hermann,
1714 3109 1792 3143 Plat.
1817 3110 1896 3144 Phil.

269 3186 300 3218 p.
327 3176 407 3220 483,
433 3176 600 3219 Gompcrz,
627 3173 704 3208 Plat.
732 3173 822 3207 Aurs.
847 3173 927 3208 ΑΜ).
954 3174 984 3207 d.
1014 3172 1117 3207 Wien.
1141 3170 1243 3206 Akad.
1273 3171 1338 3204 114
1363 3178 1396 3212 p.
1416 3169 1493 3203 748.
