<?xml version="1.0" encoding="UTF-8"?>
<!DOCTYPE html PUBLIC "-//W3C//DTD XHTML 1.0 Transitional//EN"
    "http://www.w3.org/TR/xhtml1/DTD/xhtml1-transitional.dtd">
<html xmlns="http://www.w3.org/1999/xhtml" xml:lang="en" lang="en">
 <head>
  <title>
</title>
<meta http-equiv="Content-Type" content="text/html;charset=utf-8" />
  <meta name='ocr-system' content='tesseract 3.04.00' />
  <meta name='ocr-capabilities' content='ocr_page ocr_carea ocr_par ocr_line ocrx_word'/>
</head>
<body>
  <div class='ocr_page' id='page_1' title='image "./studiatheognidea00geysuoft_0009.png"; bbox 0 0 2176 3554; ppageno 0'>
   <div class='ocr_carea' id='block_1_1' title="bbox 60 0 214 153">
    <p class='ocr_par' dir='ltr' id='par_1_1' title="bbox 60 0 214 153">
     <span class='ocr_line' id='line_1_1' title="bbox 60 0 214 153; baseline 0 3401"><span class='ocrx_word' id='word_1_1' title='bbox 60 0 214 153; x_wconf 95' lang='lat' dir='ltr'> </span> 
     </span>
    </p>
   </div>
   <div class='ocr_carea' id='block_1_2' title="bbox 1547 177 2015 280">
    <p class='ocr_par' dir='ltr' id='par_1_2' title="bbox 1547 177 2015 280">
     <span class='ocr_line' id='line_1_2' title="bbox 1547 177 2015 280; baseline -0.006 0"><span class='ocrx_word' id='word_1_2' title='bbox 1547 177 2015 280; x_wconf 72' lang='lat' dir='ltr'>LIBRARY</span> 
     </span>
    </p>
   </div>
   <div class='ocr_carea' id='block_1_3' title="bbox 1471 333 2093 507">
    <p class='ocr_par' dir='ltr' id='par_1_3' title="bbox 1471 333 2093 507">
     <span class='ocr_line' id='line_1_3' title="bbox 1659 333 1936 404; baseline -0.029 0"><span class='ocrx_word' id='word_1_3' title='bbox 1659 337 1693 404; x_wconf 80' lang='lat'><strong>7</strong></span> <span class='ocrx_word' id='word_1_4' title='bbox 1708 335 1741 402; x_wconf 75' lang='lat'><strong>3</strong></span> <span class='ocrx_word' id='word_1_5' title='bbox 1758 333 1789 401; x_wconf 76' lang='lat'><em>2</em></span> <span class='ocrx_word' id='word_1_6' title='bbox 1806 334 1841 400; x_wconf 72' lang='grc' dir='ltr'>Β.</span> <span class='ocrx_word' id='word_1_7' title='bbox 1856 334 1887 397; x_wconf 78' lang='grc'><strong>6</strong></span> <span class='ocrx_word' id='word_1_8' title='bbox 1905 333 1936 396; x_wconf 77' lang='lat' dir='ltr'>ss</span> 
     </span>
     <span class='ocr_line' id='line_1_4' title="bbox 1471 454 2093 507; baseline -0.005 -1"><span class='ocrx_word' id='word_1_9' title='bbox 1471 455 1747 507; x_wconf 71' lang='grc' dir='ltr'>υκινεκειῐγ</span> <span class='ocrx_word' id='word_1_10' title='bbox 1781 454 1840 505; x_wconf 74' lang='lat' dir='ltr'>of</span> <span class='ocrx_word' id='word_1_11' title='bbox 1871 454 2093 504; x_wconf 68' lang='grc' dir='ltr'>τοκοκτο</span> 
     </span>
    </p>
   </div>
   <div class='ocr_carea' id='block_1_4' title="bbox 1407 143 2148 533">
    <p class='ocr_par' dir='ltr' id='par_1_4' title="bbox 1407 143 2148 533">
     <span class='ocr_line' id='line_1_5' title="bbox 1407 143 2148 533; baseline 0 -94"><span class='ocrx_word' id='word_1_12' title='bbox 1407 143 1547 533; x_wconf 95' lang='lat' dir='ltr'>   </span> <span class='ocrx_word' id='word_1_13' title='bbox 2015 143 2148 533; x_wconf 95' lang='lat' dir='ltr'>   </span> 
     </span>
    </p>
   </div>
   <div class='ocr_carea' id='block_1_5' title="bbox 895 658 1383 725">
    <p class='ocr_par' dir='ltr' id='par_1_5' title="bbox 895 658 1383 725">
     <span class='ocr_line' id='line_1_6' title="bbox 895 658 1383 725; baseline 0.004 -2"><span class='ocrx_word' id='word_1_14' title='bbox 895 658 1383 725; x_wconf 78' lang='lat' dir='ltr'><strong>PRAEFATIO.</strong></span> 
     </span>
    </p>
   </div>
   <div class='ocr_carea' id='block_1_6' title="bbox 295 894 1966 2461">
    <p class='ocr_par' dir='ltr' id='par_1_6' title="bbox 295 894 1964 1958">
     <span class='ocr_line' id='line_1_7' title="bbox 441 894 1957 957; baseline -0.007 -10"><span class='ocrx_word' id='word_1_15' title='bbox 441 902 533 946; x_wconf 81' lang='lat' dir='ltr'>Iam</span> <span class='ocrx_word' id='word_1_16' title='bbox 577 902 655 946; x_wconf 89' lang='lat' dir='ltr'>diu</span> <span class='ocrx_word' id='word_1_17' title='bbox 698 903 783 945; x_wconf 89' lang='lat' dir='ltr'>viri</span> <span class='ocrx_word' id='word_1_18' title='bbox 826 901 943 945; x_wconf 86' lang='lat' dir='ltr'>docti</span> <span class='ocrx_word' id='word_1_19' title='bbox 988 906 1307 957; x_wconf 84' lang='lat' dir='ltr'>cognoverunt,</span> <span class='ocrx_word' id='word_1_20' title='bbox 1349 897 1676 950; x_wconf 75' lang='lat' dir='ltr'><strong>collectionem,</strong></span> <span class='ocrx_word' id='word_1_21' title='bbox 1721 911 1832 954; x_wconf 87' lang='lat' dir='ltr'>quae</span> <span class='ocrx_word' id='word_1_22' title='bbox 1876 894 1957 938; x_wconf 87' lang='lat' dir='ltr'>sub</span> 
     </span>
     <span class='ocr_line' id='line_1_8' title="bbox 321 966 1959 1033; baseline -0.006 -14"><span class='ocrx_word' id='word_1_23' title='bbox 321 973 596 1033; x_wconf 80' lang='lat' dir='ltr'>Theognidis</span> <span class='ocrx_word' id='word_1_24' title='bbox 616 974 794 1016; x_wconf 87' lang='lat' dir='ltr'>nomine</span> <span class='ocrx_word' id='word_1_25' title='bbox 816 971 941 1015; x_wconf 87' lang='lat' dir='ltr'>nobis</span> <span class='ocrx_word' id='word_1_26' title='bbox 969 970 1130 1013; x_wconf 85' lang='lat' dir='ltr'>tradita</span> <span class='ocrx_word' id='word_1_27' title='bbox 1158 978 1222 1013; x_wconf 88' lang='lat' dir='ltr'>est</span> <span class='ocrx_word' id='word_1_28' title='bbox 1250 968 1493 1023; x_wconf 75' lang='lat' dir='ltr'>codicibus,</span> <span class='ocrx_word' id='word_1_29' title='bbox 1520 966 1796 1024; x_wconf 81' lang='lat' dir='ltr'>Theognidis</span> <span class='ocrx_word' id='word_1_30' title='bbox 1822 967 1959 1025; x_wconf 85' lang='lat' dir='ltr'>ipsius</span> 
     </span>
     <span class='ocr_line' id='line_1_9' title="bbox 321 1037 1960 1104; baseline -0.006 -14"><span class='ocrx_word' id='word_1_31' title='bbox 321 1060 429 1104; x_wconf 87' lang='lat' dir='ltr'>opus</span> <span class='ocrx_word' id='word_1_32' title='bbox 467 1059 558 1088; x_wconf 87' lang='lat' dir='ltr'>non</span> <span class='ocrx_word' id='word_1_33' title='bbox 598 1058 709 1099; x_wconf 86' lang='lat' dir='ltr'>esse,</span> <span class='ocrx_word' id='word_1_34' title='bbox 749 1043 828 1087; x_wconf 90' lang='lat' dir='ltr'>sed</span> <span class='ocrx_word' id='word_1_35' title='bbox 871 1043 927 1086; x_wconf 89' lang='lat' dir='ltr'>de</span> <span class='ocrx_word' id='word_1_36' title='bbox 967 1056 1072 1085; x_wconf 83' lang='lat' dir='ltr'>vero</span> <span class='ocrx_word' id='word_1_37' title='bbox 1116 1039 1377 1098; x_wconf 87' lang='lat' dir='ltr'>Theognide</span> <span class='ocrx_word' id='word_1_38' title='bbox 1421 1037 1534 1082; x_wconf 89' lang='lat' dir='ltr'>nihil</span> <span class='ocrx_word' id='word_1_39' title='bbox 1581 1039 1666 1082; x_wconf 86' lang='lat' dir='ltr'>nisi</span> <span class='ocrx_word' id='word_1_40' title='bbox 1710 1038 1960 1096; x_wconf 80' lang='lat' dir='ltr'>fragmenta</span> 
     </span>
     <span class='ocr_line' id='line_1_10' title="bbox 320 1109 1961 1175; baseline -0.006 -14"><span class='ocrx_word' id='word_1_41' title='bbox 320 1130 567 1175; x_wconf 70' lang='lat' dir='ltr'>superesse,</span> <span class='ocrx_word' id='word_1_42' title='bbox 597 1131 709 1174; x_wconf 90' lang='lat' dir='ltr'>quae</span> <span class='ocrx_word' id='word_1_43' title='bbox 740 1123 891 1173; x_wconf 87' lang='lat' dir='ltr'>postea</span> <span class='ocrx_word' id='word_1_44' title='bbox 921 1114 976 1157; x_wconf 91' lang='lat' dir='ltr'>ab</span> <span class='ocrx_word' id='word_1_45' title='bbox 1010 1115 1159 1170; x_wconf 86' lang='lat' dir='ltr'>ignoto</span> <span class='ocrx_word' id='word_1_46' title='bbox 1191 1112 1367 1155; x_wconf 88' lang='lat' dir='ltr'>homine</span> <span class='ocrx_word' id='word_1_47' title='bbox 1401 1126 1488 1154; x_wconf 86' lang='lat' dir='ltr'>una</span> <span class='ocrx_word' id='word_1_48' title='bbox 1520 1125 1619 1153; x_wconf 91' lang='lat' dir='ltr'>cum</span> <span class='ocrx_word' id='word_1_49' title='bbox 1645 1109 1831 1153; x_wconf 86' lang='lat' dir='ltr'>aliorum</span> <span class='ocrx_word' id='word_1_50' title='bbox 1863 1124 1961 1166; x_wconf 84' lang='lat' dir='ltr'>poe·</span> 
     </span>
     <span class='ocr_line' id='line_1_11' title="bbox 321 1184 1675 1245; baseline -0.006 -13"><span class='ocrx_word' id='word_1_51' title='bbox 321 1195 465 1232; x_wconf 83' lang='lat' dir='ltr'>tarum</span> <span class='ocrx_word' id='word_1_52' title='bbox 494 1186 695 1245; x_wconf 86' lang='lat' dir='ltr'>reliquiis</span> <span class='ocrx_word' id='word_1_53' title='bbox 728 1188 775 1230; x_wconf 91' lang='lat' dir='ltr'>in</span> <span class='ocrx_word' id='word_1_54' title='bbox 807 1185 1004 1244; x_wconf 85' lang='lat' dir='ltr'>syllogae</span> <span class='ocrx_word' id='word_1_55' title='bbox 1037 1184 1217 1227; x_wconf 89' lang='lat' dir='ltr'>formam</span> <span class='ocrx_word' id='word_1_56' title='bbox 1251 1184 1488 1241; x_wconf 86' lang='lat' dir='ltr'>composita</span> <span class='ocrx_word' id='word_1_57' title='bbox 1519 1188 1675 1225; x_wconf 83' lang='lat' dir='ltr'>essent.</span> 
     </span>
     <span class='ocr_line' id='line_1_12' title="bbox 441 1251 1959 1318; baseline -0.007 -14"><span class='ocrx_word' id='word_1_58' title='bbox 441 1260 571 1315; x_wconf 83' lang='lat' dir='ltr'>Quod</span> <span class='ocrx_word' id='word_1_59' title='bbox 610 1260 848 1318; x_wconf 80' lang='lat' dir='ltr'>praecipue</span> <span class='ocrx_word' id='word_1_60' title='bbox 891 1255 1164 1315; x_wconf 87' lang='lat' dir='ltr'>probandum</span> <span class='ocrx_word' id='word_1_61' title='bbox 1210 1264 1274 1299; x_wconf 86' lang='lat' dir='ltr'>est</span> <span class='ocrx_word' id='word_1_62' title='bbox 1318 1255 1373 1298; x_wconf 87' lang='lat' dir='ltr'>dc</span> <span class='ocrx_word' id='word_1_63' title='bbox 1419 1255 1473 1297; x_wconf 85' lang='lat' dir='ltr'>iis</span> <span class='ocrx_word' id='word_1_64' title='bbox 1517 1251 1804 1305; x_wconf 74' lang='lat' dir='ltr'>carminibus,</span> <span class='ocrx_word' id='word_1_65' title='bbox 1847 1268 1959 1310; x_wconf 85' lang='lat' dir='ltr'>quae</span> 
     </span>
     <span class='ocr_line' id='line_1_13' title="bbox 323 1324 1962 1391; baseline -0.006 -15"><span class='ocrx_word' id='word_1_66' title='bbox 323 1332 549 1390; x_wconf 89' lang='lat' dir='ltr'>politicum</span> <span class='ocrx_word' id='word_1_67' title='bbox 592 1331 810 1391; x_wconf 78' lang='lat' dir='ltr'><strong>quoddam</strong></span> <span class='ocrx_word' id='word_1_68' title='bbox 851 1335 1042 1372; x_wconf 86' lang='lat' dir='ltr'>tractant</span> <span class='ocrx_word' id='word_1_69' title='bbox 1079 1334 1411 1385; x_wconf 82' lang='lat' dir='ltr'>argumentum3</span> <span class='ocrx_word' id='word_1_70' title='bbox 1455 1324 1626 1383; x_wconf 86' lang='lat' dir='ltr'>reliqua</span> <span class='ocrx_word' id='word_1_71' title='bbox 1663 1325 1861 1367; x_wconf 85' lang='lat' dir='ltr'>carmina</span> <span class='ocrx_word' id='word_1_72' title='bbox 1899 1325 1962 1367; x_wconf 88' lang='lat' dir='ltr'>in·</span> 
     </span>
     <span class='ocr_line' id='line_1_14' title="bbox 322 1396 1962 1460; baseline -0.006 -13"><span class='ocrx_word' id='word_1_73' title='bbox 322 1411 448 1460; x_wconf 83' lang='lat' dir='ltr'>tegra</span> <span class='ocrx_word' id='word_1_74' title='bbox 485 1402 578 1446; x_wconf 85' lang='lat' dir='ltr'>fere</span> <span class='ocrx_word' id='word_1_75' title='bbox 617 1418 709 1445; x_wconf 81' lang='lat' dir='ltr'>csse</span> <span class='ocrx_word' id='word_1_76' title='bbox 748 1401 973 1455; x_wconf 84' lang='lat' dir='ltr'>videntur,</span> <span class='ocrx_word' id='word_1_77' title='bbox 1012 1414 1111 1443; x_wconf 90' lang='lat' dir='ltr'>cum</span> <span class='ocrx_word' id='word_1_78' title='bbox 1148 1398 1359 1456; x_wconf 79' lang='lat' dir='ltr'>pleraque</span> <span class='ocrx_word' id='word_1_79' title='bbox 1397 1411 1672 1439; x_wconf 90' lang='lat' dir='ltr'>communem</span> <span class='ocrx_word' id='word_1_80' title='bbox 1704 1396 1962 1438; x_wconf 81' lang='lat' dir='ltr'>contineant</span> 
     </span>
     <span class='ocr_line' id='line_1_15' title="bbox 322 1466 1961 1531; baseline -0.005 -13"><span class='ocrx_word' id='word_1_81' title='bbox 322 1475 586 1518; x_wconf 86' lang='lat' dir='ltr'>sententiam</span> <span class='ocrx_word' id='word_1_82' title='bbox 624 1471 848 1531; x_wconf 78' lang='lat' dir='ltr'>proverbii</span> <span class='ocrx_word' id='word_1_83' title='bbox 888 1486 1024 1524; x_wconf 86' lang='lat' dir='ltr'>more,</span> <span class='ocrx_word' id='word_1_84' title='bbox 1064 1478 1106 1514; x_wconf 93' lang='lat' dir='ltr'>et</span> <span class='ocrx_word' id='word_1_85' title='bbox 1143 1484 1229 1513; x_wconf 92' lang='lat' dir='ltr'>uno</span> <span class='ocrx_word' id='word_1_86' title='bbox 1267 1468 1338 1512; x_wconf 83' lang='lat' dir='ltr'>vel</span> <span class='ocrx_word' id='word_1_87' title='bbox 1375 1466 1576 1526; x_wconf 86' lang='lat' dir='ltr'>pluribus</span> <span class='ocrx_word' id='word_1_88' title='bbox 1613 1466 1816 1511; x_wconf 74' lang='lat' dir='ltr'>distichis</span> <span class='ocrx_word' id='word_1_89' title='bbox 1846 1466 1961 1510; x_wconf 88' lang='lat' dir='ltr'>bene</span> 
     </span>
     <span class='ocr_line' id='line_1_16' title="bbox 324 1544 874 1590; baseline -0.007 0"><span class='ocrx_word' id='word_1_90' title='bbox 324 1544 612 1590; x_wconf 77' lang='lat' dir='ltr'>concludatur</span> <span class='ocrx_word' id='word_1_91' title='bbox 642 1545 874 1589; x_wconf 84' lang='lat' dir='ltr'>sententia.</span> 
     </span>
     <span class='ocr_line' id='line_1_17' title="bbox 446 1610 1961 1674; baseline -0.006 -14"><span class='ocrx_word' id='word_1_92' title='bbox 446 1616 672 1674; x_wconf 78' lang='lat' dir='ltr'>Distingui</span> <span class='ocrx_word' id='word_1_93' title='bbox 704 1624 883 1674; x_wconf 75' lang='lat' dir='ltr'>possunt</span> <span class='ocrx_word' id='word_1_94' title='bbox 917 1616 1160 1658; x_wconf 82' lang='lat' dir='ltr'>carminum</span> <span class='ocrx_word' id='word_1_95' title='bbox 1193 1613 1278 1656; x_wconf 84' lang='lat' dir='ltr'>tria</span> <span class='ocrx_word' id='word_1_96' title='bbox 1307 1627 1475 1670; x_wconf 86' lang='lat' dir='ltr'>genera</span> <span class='ocrx_word' id='word_1_97' title='bbox 1507 1636 1562 1642; x_wconf 93' lang='lat'>—</span> <span class='ocrx_word' id='word_1_98' title='bbox 1595 1612 1745 1654; x_wconf 87' lang='lat' dir='ltr'>omitto</span> <span class='ocrx_word' id='word_1_99' title='bbox 1784 1610 1961 1653; x_wconf 84' lang='lat' dir='ltr'>interim</span> 
     </span>
     <span class='ocr_line' id='line_1_18' title="bbox 324 1682 1959 1795; baseline -0.006 -62"><span class='ocrx_word' id='word_1_100' title='bbox 324 1688 616 1748; x_wconf 84' lang='lat' dir='ltr'>appendicem</span> <span class='ocrx_word' id='word_1_101' title='bbox 649 1688 753 1732; x_wconf 88' lang='lat' dir='ltr'>inde</span> <span class='ocrx_word' id='word_1_102' title='bbox 785 1703 812 1730; x_wconf 91' lang='lat' dir='ltr'>a</span> <span class='ocrx_word' id='word_1_103' title='bbox 842 1687 1023 1730; x_wconf 77' lang='lat' dir='ltr'>v.1231</span> <span class='ocrx_word' id='word_1_104' title='bbox 1061 1683 1314 1742; x_wconf 69' lang='grc' dir='ltr'>(ἐλεγείωνβ</span> <span class='ocrx_word' id='word_1_105' title='bbox 1345 1683 1439 1727; x_wconf 92' lang='lat' dir='ltr'>cod.</span> <span class='ocrx_word' id='word_1_106' title='bbox 1471 1682 1608 1737; x_wconf 58' lang='lat' dir='ltr'>Mun),</span> <span class='ocrx_word' id='word_1_107' title='bbox 1635 1697 1764 1740; x_wconf 87' lang='lat' dir='ltr'>quam</span> <span class='ocrx_word' id='word_1_108' title='bbox 1793 1688 1959 1795; x_wconf 76' lang='lat' dir='ltr'>partelm</span> 
     </span>
     <span class='ocr_line' id='line_1_19' title="bbox 325 1751 1963 1819; baseline -0.005 -16"><span class='ocrx_word' id='word_1_109' title='bbox 325 1758 590 1804; x_wconf 82' lang='lat' dir='ltr'>Welckerus</span> <span class='ocrx_word' id='word_1_110' title='bbox 621 1759 867 1802; x_wconf 86' lang='lat' dir='ltr'>nominavit</span> <span class='ocrx_word' id='word_1_111' title='bbox 897 1759 1070 1802; x_wconf 70' lang='grc' dir='ltr'><strong>Μοῦσαν</strong></span> <span class='ocrx_word' id='word_1_112' title='bbox 1101 1753 1297 1810; x_wconf 78' lang='grc' dir='ltr'>παιδικην</span> <span class='ocrx_word' id='word_1_113' title='bbox 1318 1780 1374 1786; x_wconf 81' lang='grc'><strong>-</strong></span> <span class='ocrx_word' id='word_1_114' title='bbox 1395 1755 1585 1812; x_wconf 89' lang='lat' dir='ltr'>primum</span> <span class='ocrx_word' id='word_1_115' title='bbox 1618 1769 1682 1807; x_wconf 86' lang='lat' dir='ltr'>ea,</span> <span class='ocrx_word' id='word_1_116' title='bbox 1713 1768 1824 1811; x_wconf 87' lang='lat' dir='ltr'>quae</span> <span class='ocrx_word' id='word_1_117' title='bbox 1857 1751 1963 1819; x_wconf 59' lang='lat' dir='ltr'><em>Q</em></span> 
     </span>
     <span class='ocr_line' id='line_1_20' title="bbox 295 1823 1964 1899; baseline -0.005 -24"><span class='ocrx_word' id='word_1_118' title='bbox 295 1830 419 1899; x_wconf 48' lang='lat' dir='ltr'>-tffi</span> <span class='ocrx_word' id='word_1_119' title='bbox 435 1835 538 1873; x_wconf 87' lang='lat' dir='ltr'>sunt</span> <span class='ocrx_word' id='word_1_120' title='bbox 567 1830 818 1886; x_wconf 85' lang='lat' dir='ltr'>argumenti</span> <span class='ocrx_word' id='word_1_121' title='bbox 850 1830 944 1871; x_wconf 81' lang='lat' dir='ltr'>sive</span> <span class='ocrx_word' id='word_1_122' title='bbox 975 1826 1231 1894; x_wconf 52' lang='grc' dir='ltr'>ωτώθω</span> <span class='ocrx_word' id='word_1_123' title='bbox 1270 1827 1523 1884; x_wconf 85' lang='lat' dir='ltr'>exprimunt</span> <span class='ocrx_word' id='word_1_124' title='bbox 1561 1826 1825 1869; x_wconf 86' lang='lat' dir='ltr'>sententiam</span> <span class='ocrx_word' id='word_1_125' title='bbox 1858 1823 1964 1882; x_wconf 89' lang='lat' dir='ltr'>poli·</span> 
     </span>
     <span class='ocr_line' id='line_1_21' title="bbox 325 1897 1964 1958; baseline -0.005 -12"><span class='ocrx_word' id='word_1_126' title='bbox 325 1903 459 1947; x_wconf 89' lang='lat' dir='ltr'>ticam</span> <span class='ocrx_word' id='word_1_127' title='bbox 495 1902 588 1944; x_wconf 85' lang='lat' dir='ltr'>sive</span> <span class='ocrx_word' id='word_1_128' title='bbox 626 1899 879 1955; x_wconf 87' lang='lat' dir='ltr'>ostendunt,</span> <span class='ocrx_word' id='word_1_129' title='bbox 919 1914 1029 1958; x_wconf 88' lang='lat' dir='ltr'>quae</span> <span class='ocrx_word' id='word_1_130' title='bbox 1067 1899 1178 1942; x_wconf 87' lang='lat' dir='ltr'>ratio</span> <span class='ocrx_word' id='word_1_131' title='bbox 1218 1897 1517 1940; x_wconf 80' lang='lat' dir='ltr'>intercesserit</span> <span class='ocrx_word' id='word_1_132' title='bbox 1552 1903 1724 1953; x_wconf 86' lang='lat' dir='ltr'>poetam</span> <span class='ocrx_word' id='word_1_133' title='bbox 1763 1897 1881 1939; x_wconf 90' lang='lat' dir='ltr'>inter</span> <span class='ocrx_word' id='word_1_134' title='bbox 1920 1903 1964 1938; x_wconf 92' lang='lat' dir='ltr'>et</span> 
     </span>
    </p>

    <p class='ocr_par' dir='ltr' id='par_1_7' title="bbox 324 1966 1966 2247">
     <span class='ocr_line' id='line_1_22' title="bbox 325 1966 1961 2028; baseline -0.004 -11.883"><span class='ocrx_word' id='word_1_135' title='bbox 325 1973 549 2017; x_wconf 86' lang='lat' dir='ltr'>civitatem</span> <span class='ocrx_word' id='word_1_136' title='bbox 582 1971 924 2028; x_wconf 83' lang='lat' dir='ltr'>Megarensium,</span> <span class='ocrx_word' id='word_1_137' title='bbox 955 1978 1047 2013; x_wconf 89' lang='lat' dir='ltr'>tum</span> <span class='ocrx_word' id='word_1_138' title='bbox 1080 1970 1277 2013; x_wconf 89' lang='lat' dir='ltr'>carmina</span> <span class='ocrx_word' id='word_1_139' title='bbox 1303 1967 1485 2011; x_wconf 87' lang='lat' dir='ltr'>moralia</span> <span class='ocrx_word' id='word_1_140' title='bbox 1513 1966 1580 2024; x_wconf 67' lang='grc' dir='ltr'>Ο)</span> <span class='ocrx_word' id='word_1_141' title='bbox 1583 1982 1663 2010; x_wconf 84' lang='lat' dir='ltr'>rno</span> <span class='ocrx_word' id='word_1_142' title='bbox 1747 1967 1961 2010; x_wconf 84' lang='lat' dir='ltr'>tissimum</span> 
     </span>
     <span class='ocr_line' id='line_1_23' title="bbox 325 2031 1966 2105; baseline -0.005 -17"><span class='ocrx_word' id='word_1_143' title='bbox 325 2045 556 2099; x_wconf 85' lang='lat' dir='ltr'>destinata,</span> <span class='ocrx_word' id='word_1_144' title='bbox 587 2043 780 2101; x_wconf 88' lang='lat' dir='ltr'>denique</span> <span class='ocrx_word' id='word_1_145' title='bbox 813 2057 876 2097; x_wconf 87' lang='lat' dir='ltr'>ea,</span> <span class='ocrx_word' id='word_1_146' title='bbox 910 2057 1020 2100; x_wconf 83' lang='lat' dir='ltr'>quae</span> <span class='ocrx_word' id='word_1_147' title='bbox 1058 2034 1254 2099; x_wconf 82' lang='lat' dir='ltr'>profecta</span> <span class='ocrx_word' id='word_1_148' title='bbox 1286 2031 1387 2083; x_wconf 69' lang='lat' dir='ltr'>s&#39;unt</span> <span class='ocrx_word' id='word_1_149' title='bbox 1419 2054 1475 2082; x_wconf 84' lang='lat' dir='ltr'>ex</span> <span class='ocrx_word' id='word_1_150' title='bbox 1509 2038 1846 2105; x_wconf 79' lang='lat' dir='ltr'>cousuetudine,</span> <span class='ocrx_word' id='word_1_151' title='bbox 1878 2053 1966 2096; x_wconf 89' lang='lat' dir='ltr'>qua</span> 
     </span>
     <span class='ocr_line' id='line_1_24' title="bbox 326 2109 1960 2173; baseline -0.005 -12"><span class='ocrx_word' id='word_1_152' title='bbox 326 2132 428 2161; x_wconf 80' lang='lat' dir='ltr'>usus</span> <span class='ocrx_word' id='word_1_153' title='bbox 462 2123 527 2159; x_wconf 88' lang='lat' dir='ltr'>cst</span> <span class='ocrx_word' id='word_1_154' title='bbox 562 2123 692 2173; x_wconf 88' lang='lat' dir='ltr'>poeta</span> <span class='ocrx_word' id='word_1_155' title='bbox 729 2128 829 2157; x_wconf 91' lang='lat' dir='ltr'>cum</span> <span class='ocrx_word' id='word_1_156' title='bbox 860 2114 1025 2156; x_wconf 87' lang='lat' dir='ltr'>amicis.</span> <span class='ocrx_word' id='word_1_157' title='bbox 1066 2112 1318 2168; x_wconf 86' lang='lat' dir='ltr'>Omnigena</span> <span class='ocrx_word' id='word_1_158' title='bbox 1362 2109 1439 2153; x_wconf 88' lang='lat' dir='ltr'>illa</span> <span class='ocrx_word' id='word_1_159' title='bbox 1479 2110 1676 2171; x_wconf 89' lang='lat' dir='ltr'>carmina</span> <span class='ocrx_word' id='word_1_160' title='bbox 1713 2123 1792 2166; x_wconf 90' lang='lat' dir='ltr'>per</span> <span class='ocrx_word' id='word_1_161' title='bbox 1829 2116 1960 2153; x_wconf 85' lang='lat' dir='ltr'>totam</span> 
     </span>
     <span class='ocr_line' id='line_1_25' title="bbox 324 2186 1485 2247; baseline -0.01 -14"><span class='ocrx_word' id='word_1_162' title='bbox 324 2187 526 2247; x_wconf 78' lang='lat' dir='ltr'>syllogcn</span> <span class='ocrx_word' id='word_1_163' title='bbox 560 2186 758 2245; x_wconf 83' lang='lat' dir='ltr'>dispersa</span> <span class='ocrx_word' id='word_1_164' title='bbox 787 2193 901 2229; x_wconf 86' lang='lat' dir='ltr'>sunt.</span> <span class='ocrx_word' id='word_1_165' title='bbox 1351 2196 1355 2197; x_wconf 45' lang='lat'><em>⁷</em></span> <span class='ocrx_word' id='word_1_166' title='bbox 1401 2195 1407 2197; x_wconf 61' lang='grc'><strong>-</strong></span> <span class='ocrx_word' id='word_1_167' title='bbox 1474 2191 1485 2195; x_wconf 71' lang='grc'><strong>“</strong></span> 
     </span>
    </p>

    <p class='ocr_par' dir='ltr' id='par_1_8' title="bbox 325 2252 1963 2461">
     <span class='ocr_line' id='line_1_26' title="bbox 444 2252 1963 2316; baseline -0.005 -14"><span class='ocrx_word' id='word_1_168' title='bbox 444 2258 584 2316; x_wconf 81' lang='lat' dir='ltr'>Saepe</span> <span class='ocrx_word' id='word_1_169' title='bbox 618 2259 704 2301; x_wconf 89' lang='lat' dir='ltr'>iam</span> <span class='ocrx_word' id='word_1_170' title='bbox 735 2255 971 2300; x_wconf 86' lang='lat' dir='ltr'>studebant</span> <span class='ocrx_word' id='word_1_171' title='bbox 1005 2257 1089 2298; x_wconf 81' lang='lat' dir='ltr'>viri</span> <span class='ocrx_word' id='word_1_172' title='bbox 1122 2255 1238 2298; x_wconf 88' lang='lat' dir='ltr'>docti</span> <span class='ocrx_word' id='word_1_173' title='bbox 1267 2254 1467 2298; x_wconf 87' lang='lat' dir='ltr'>ordinem</span> <span class='ocrx_word' id='word_1_174' title='bbox 1495 2252 1716 2312; x_wconf 85' lang='lat' dir='ltr'>quendam</span> <span class='ocrx_word' id='word_1_175' title='bbox 1748 2254 1963 2307; x_wconf 88' lang='lat' dir='ltr'>invenire,</span> 
     </span>
     <span class='ocr_line' id='line_1_27' title="bbox 325 2322 1962 2389; baseline -0.005 -15"><span class='ocrx_word' id='word_1_176' title='bbox 325 2345 455 2389; x_wconf 89' lang='lat' dir='ltr'>quem</span> <span class='ocrx_word' id='word_1_177' title='bbox 477 2336 652 2373; x_wconf 88' lang='lat' dir='ltr'>secutus</span> <span class='ocrx_word' id='word_1_178' title='bbox 673 2334 829 2372; x_wconf 87' lang='lat' dir='ltr'>auctor·</span> <span class='ocrx_word' id='word_1_179' title='bbox 845 2327 1118 2371; x_wconf 83' lang='lat' dir='ltr'>collectionis</span> <span class='ocrx_word' id='word_1_180' title='bbox 1146 2327 1342 2370; x_wconf 90' lang='lat' dir='ltr'>carmina</span> <span class='ocrx_word' id='word_1_181' title='bbox 1369 2324 1620 2382; x_wconf 86' lang='lat' dir='ltr'>collegisset</span> <span class='ocrx_word' id='word_1_182' title='bbox 1640 2324 1713 2376; x_wconf 82' lang='lat' dir='ltr'>(ef.</span> <span class='ocrx_word' id='word_1_183' title='bbox 1738 2322 1962 2377; x_wconf 86' lang='lat' dir='ltr'>Welcker,</span> 
     </span>
     <span class='ocr_line' id='line_1_28' title="bbox 326 2394 1961 2461; baseline -0.004 -16"><span class='ocrx_word' id='word_1_184' title='bbox 326 2399 449 2461; x_wconf 88' lang='lat' dir='ltr'>proll.</span> <span class='ocrx_word' id='word_1_185' title='bbox 486 2399 544 2443; x_wconf 89' lang='lat' dir='ltr'>ad</span> <span class='ocrx_word' id='word_1_186' title='bbox 585 2399 689 2443; x_wconf 82' lang='lat' dir='ltr'>edit.</span> <span class='ocrx_word' id='word_1_187' title='bbox 726 2398 925 2455; x_wconf 86' lang='lat' dir='ltr'>Theogn.</span> <span class='ocrx_word' id='word_1_188' title='bbox 962 2412 1061 2455; x_wconf 86' lang='lat' dir='ltr'>pag.</span> <span class='ocrx_word' id='word_1_189' title='bbox 1101 2398 1198 2452; x_wconf 81' lang='lat'>106,</span> <span class='ocrx_word' id='word_1_190' title='bbox 1236 2410 1364 2455; x_wconf 91' lang='lat' dir='ltr'>quem</span> <span class='ocrx_word' id='word_1_191' title='bbox 1404 2396 1542 2439; x_wconf 87' lang='lat' dir='ltr'>secuti</span> <span class='ocrx_word' id='word_1_192' title='bbox 1579 2402 1682 2438; x_wconf 90' lang='lat' dir='ltr'>sunt</span> <span class='ocrx_word' id='word_1_193' title='bbox 1714 2394 1961 2450; x_wconf 63' lang='lat' dir='ltr'>Nieasche,</span> 
     </span>
    </p>
   </div>
   <div class='ocr_carea' id='block_1_7' title="bbox 327 2465 1970 3170">
    <p class='ocr_par' dir='ltr' id='par_1_9' title="bbox 327 2465 1961 2601">
     <span class='ocr_line' id='line_1_29' title="bbox 328 2465 1961 2528; baseline -0.005 -12"><span class='ocrx_word' id='word_1_194' title='bbox 328 2471 468 2517; x_wconf 82' lang='lat' dir='ltr'>Rhen.</span> <span class='ocrx_word' id='word_1_195' title='bbox 513 2470 623 2515; x_wconf 82' lang='lat' dir='ltr'>Mus.</span> <span class='ocrx_word' id='word_1_196' title='bbox 670 2469 806 2513; x_wconf 89' lang='lat' dir='ltr'>XXII</span> <span class='ocrx_word' id='word_1_197' title='bbox 850 2486 948 2528; x_wconf 83' lang='lat' dir='ltr'>pag.</span> <span class='ocrx_word' id='word_1_198' title='bbox 1000 2470 1076 2513; x_wconf 87' lang='grc'>161</span> <span class='ocrx_word' id='word_1_199' title='bbox 1125 2484 1215 2527; x_wconf 81' lang='lat' dir='ltr'>sqq.</span> <span class='ocrx_word' id='word_1_200' title='bbox 1262 2475 1306 2511; x_wconf 86' lang='lat' dir='ltr'>et</span> <span class='ocrx_word' id='word_1_201' title='bbox 1350 2466 1596 2521; x_wconf 87' lang='lat' dir='ltr'>Fritzsche,</span> <span class='ocrx_word' id='word_1_202' title='bbox 1646 2465 1759 2510; x_wconf 84' lang='lat' dir='ltr'>Phil.</span> <span class='ocrx_word' id='word_1_203' title='bbox 1805 2466 1961 2509; x_wconf 88' lang='lat' dir='ltr'>XXIX</span> 
     </span>
     <span class='ocr_line' id='line_1_30' title="bbox 327 2542 692 2601; baseline -0.005 -15"><span class='ocrx_word' id='word_1_204' title='bbox 327 2557 426 2601; x_wconf 77' lang='lat' dir='ltr'>pag.</span> <span class='ocrx_word' id='word_1_205' title='bbox 456 2542 544 2586; x_wconf 81' lang='lat'>256</span> <span class='ocrx_word' id='word_1_206' title='bbox 574 2544 692 2600; x_wconf 85' lang='lat' dir='ltr'>sqq.).</span> 
     </span>
    </p>

    <p class='ocr_par' dir='ltr' id='par_1_10' title="bbox 331 2610 1970 3170">
     <span class='ocr_line' id='line_1_31' title="bbox 447 2610 1962 2667; baseline -0.003 -12"><span class='ocrx_word' id='word_1_207' title='bbox 447 2611 545 2667; x_wconf 80' lang='lat' dir='ltr'>Quo</span> <span class='ocrx_word' id='word_1_208' title='bbox 577 2614 748 2656; x_wconf 88' lang='lat' dir='ltr'>cautius</span> <span class='ocrx_word' id='word_1_209' title='bbox 779 2612 1053 2666; x_wconf 80' lang='lat' dir='ltr'>Welckerus,</span> <span class='ocrx_word' id='word_1_210' title='bbox 1087 2614 1155 2654; x_wconf 85' lang='lat' dir='ltr'>vir</span> <span class='ocrx_word' id='word_1_211' title='bbox 1183 2612 1469 2664; x_wconf 82' lang='lat' dir='ltr'>doctissimus,</span> <span class='ocrx_word' id='word_1_212' title='bbox 1499 2625 1590 2653; x_wconf 82' lang='lat' dir='ltr'>rem</span> <span class='ocrx_word' id='word_1_213' title='bbox 1623 2610 1838 2663; x_wconf 87' lang='lat' dir='ltr'>tractavit,</span> <span class='ocrx_word' id='word_1_214' title='bbox 1864 2623 1962 2651; x_wconf 87' lang='lat' dir='ltr'>cum</span> 
     </span>
     <span class='ocr_line' id='line_1_32' title="bbox 331 2679 1962 2728; baseline -0.004 0"><span class='ocrx_word' id='word_1_215' title='bbox 331 2690 449 2728; x_wconf 82' lang='lat' dir='ltr'>recte</span> <span class='ocrx_word' id='word_1_216' title='bbox 490 2682 862 2728; x_wconf 82' lang='lat' dir='ltr'>animadverteret</span> <span class='ocrx_word' id='word_1_217' title='bbox 903 2682 1126 2727; x_wconf 87' lang='lat' dir='ltr'>nonnullis</span> <span class='ocrx_word' id='word_1_218' title='bbox 1164 2681 1271 2726; x_wconf 85' lang='lat' dir='ltr'>locis</span> <span class='ocrx_word' id='word_1_219' title='bbox 1311 2680 1583 2724; x_wconf 79' lang='lat' dir='ltr'>collectionis</span> <span class='ocrx_word' id='word_1_220' title='bbox 1622 2680 1739 2724; x_wconf 90' lang='lat' dir='ltr'>idem</span> <span class='ocrx_word' id='word_1_221' title='bbox 1780 2679 1962 2723; x_wconf 84' lang='lat' dir='ltr'>verbum</span> 
     </span>
     <span class='ocr_line' id='line_1_33' title="bbox 331 2752 1966 2814; baseline -0.002 -15"><span class='ocrx_word' id='word_1_222' title='bbox 331 2755 590 2810; x_wconf 70' lang='lat' dir='ltr'>(Stiehwon)</span> <span class='ocrx_word' id='word_1_223' title='bbox 624 2757 669 2799; x_wconf 92' lang='lat' dir='ltr'>in</span> <span class='ocrx_word' id='word_1_224' title='bbox 702 2754 902 2814; x_wconf 73' lang='lat' dir='ltr'>pluribus</span> <span class='ocrx_word' id='word_1_225' title='bbox 933 2755 1145 2812; x_wconf 84' lang='lat' dir='ltr'>deinceps</span> <span class='ocrx_word' id='word_1_226' title='bbox 1183 2752 1452 2797; x_wconf 80' lang='lat' dir='ltr'>carminibus</span> <span class='ocrx_word' id='word_1_227' title='bbox 1493 2753 1697 2810; x_wconf 83' lang='lat' dir='ltr'>reperiri,</span> <span class='ocrx_word' id='word_1_228' title='bbox 1735 2767 1786 2795; x_wconf 87' lang='lat' dir='ltr'>eo</span> <span class='ocrx_word' id='word_1_229' title='bbox 1828 2753 1966 2808; x_wconf 81' lang='lat' dir='ltr'>magis</span> 
     </span>
     <span class='ocr_line' id='line_1_34' title="bbox 333 2817 1965 2881; baseline -0.004 -9"><span class='ocrx_word' id='word_1_230' title='bbox 333 2827 506 2873; x_wconf 90' lang='lat' dir='ltr'>modum</span> <span class='ocrx_word' id='word_1_231' title='bbox 539 2828 727 2871; x_wconf 78' lang='lat' dir='ltr'>excessit</span> <span class='ocrx_word' id='word_1_232' title='bbox 758 2817 1047 2881; x_wconf 75' lang='lat' dir='ltr'>Nietzschius,</span> <span class='ocrx_word' id='word_1_233' title='bbox 1070 2824 1356 2869; x_wconf 54' lang='lat' dir='ltr'>NVelckerum</span> <span class='ocrx_word' id='word_1_234' title='bbox 1379 2832 1564 2867; x_wconf 85' lang='lat' dir='ltr'>secutus.</span> <span class='ocrx_word' id='word_1_235' title='bbox 1596 2823 1707 2867; x_wconf 79' lang='lat' dir='ltr'>Nam</span> <span class='ocrx_word' id='word_1_236' title='bbox 1734 2838 1813 2881; x_wconf 88' lang='lat' dir='ltr'>per</span> <span class='ocrx_word' id='word_1_237' title='bbox 1834 2830 1965 2867; x_wconf 86' lang='lat' dir='ltr'>totam</span> 
     </span>
     <span class='ocr_line' id='line_1_35' title="bbox 333 2894 1967 2954; baseline -0.004 -11"><span class='ocrx_word' id='word_1_238' title='bbox 333 2898 636 2943; x_wconf 87' lang='lat' dir='ltr'>collectionem</span> <span class='ocrx_word' id='word_1_239' title='bbox 682 2897 798 2943; x_wconf 78' lang='lat' dir='ltr'>hunc</span> <span class='ocrx_word' id='word_1_240' title='bbox 849 2897 1047 2942; x_wconf 89' lang='lat' dir='ltr'>ordinem</span> <span class='ocrx_word' id='word_1_241' title='bbox 1094 2904 1266 2940; x_wconf 75' lang='lat' dir='ltr'>exstare</span> <span class='ocrx_word' id='word_1_242' title='bbox 1317 2897 1560 2954; x_wconf 84' lang='lat' dir='ltr'>suspicatus</span> <span class='ocrx_word' id='word_1_243' title='bbox 1603 2894 1806 2939; x_wconf 84' lang='lat' dir='ltr'>omnibus</span> <span class='ocrx_word' id='word_1_244' title='bbox 1850 2894 1967 2947; x_wconf 83' lang='lat' dir='ltr'>locis,</span> 
     </span>
     <span class='ocr_line' id='line_1_36' title="bbox 332 2964 1968 3030; baseline -0.004 -16"><span class='ocrx_word' id='word_1_245' title='bbox 332 2969 492 3030; x_wconf 83' lang='lat' dir='ltr'>quibus</span> <span class='ocrx_word' id='word_1_246' title='bbox 524 2968 648 3013; x_wconf 86' lang='lat' dir='ltr'>illum</span> <span class='ocrx_word' id='word_1_247' title='bbox 682 2968 903 3013; x_wconf 85' lang='lat' dir='ltr'>turbatum</span> <span class='ocrx_word' id='word_1_248' title='bbox 936 2984 1028 3013; x_wconf 80' lang='lat' dir='ltr'>esse</span> <span class='ocrx_word' id='word_1_249' title='bbox 1061 2967 1188 3022; x_wconf 88' lang='lat' dir='ltr'>vidit,</span> <span class='ocrx_word' id='word_1_250' title='bbox 1216 2991 1267 3000; x_wconf 92' lang='lat'>—</span> <span class='ocrx_word' id='word_1_251' title='bbox 1301 2982 1442 3026; x_wconf 85' lang='lat' dir='ltr'>neque</span> <span class='ocrx_word' id='word_1_252' title='bbox 1475 2968 1602 3024; x_wconf 86' lang='lat' dir='ltr'>pauci</span> <span class='ocrx_word' id='word_1_253' title='bbox 1637 2973 1736 3009; x_wconf 88' lang='lat' dir='ltr'>sunt</span> <span class='ocrx_word' id='word_1_254' title='bbox 1769 2985 1820 2991; x_wconf 90' lang='lat'>—</span> <span class='ocrx_word' id='word_1_255' title='bbox 1854 2964 1968 3008; x_wconf 84' lang='lat' dir='ltr'>lacu-</span> 
     </span>
     <span class='ocr_line' id='line_1_37' title="bbox 334 3035 1970 3099; baseline -0.004 -13"><span class='ocrx_word' id='word_1_256' title='bbox 334 3056 437 3086; x_wconf 80' lang='lat' dir='ltr'>nam</span> <span class='ocrx_word' id='word_1_257' title='bbox 468 3042 634 3096; x_wconf 78' lang='lat' dir='ltr'>statuit,</span> <span class='ocrx_word' id='word_1_258' title='bbox 667 3056 796 3099; x_wconf 85' lang='lat' dir='ltr'>quam</span> <span class='ocrx_word' id='word_1_259' title='bbox 829 3039 1032 3099; x_wconf 71' lang='lat' dir='ltr'>supplere</span> <span class='ocrx_word' id='word_1_260' title='bbox 1067 3040 1128 3083; x_wconf 86' lang='lat' dir='ltr'>ita</span> <span class='ocrx_word' id='word_1_261' title='bbox 1160 3040 1366 3093; x_wconf 85' lang='lat' dir='ltr'>instituit,</span> <span class='ocrx_word' id='word_1_262' title='bbox 1399 3047 1446 3081; x_wconf 88' lang='lat' dir='ltr'>ut</span> <span class='ocrx_word' id='word_1_263' title='bbox 1479 3053 1533 3081; x_wconf 86' lang='lat' dir='ltr'>ex</span> <span class='ocrx_word' id='word_1_264' title='bbox 1567 3036 1653 3080; x_wconf 86' lang='lat' dir='ltr'>alio</span> <span class='ocrx_word' id='word_1_265' title='bbox 1691 3036 1785 3080; x_wconf 85' lang='lat' dir='ltr'>loco</span> <span class='ocrx_word' id='word_1_266' title='bbox 1816 3035 1970 3080; x_wconf 83' lang='lat' dir='ltr'>collec-</span> 
     </span>
     <span class='ocr_line' id='line_1_38' title="bbox 338 3108 1968 3170; baseline -0.005 -13"><span class='ocrx_word' id='word_1_267' title='bbox 338 3113 470 3157; x_wconf 79' lang='lat' dir='ltr'>tionis</span> <span class='ocrx_word' id='word_1_268' title='bbox 501 3126 653 3157; x_wconf 78' lang='lat' dir='ltr'>versus</span> <span class='ocrx_word' id='word_1_269' title='bbox 684 3119 854 3170; x_wconf 82' lang='lat' dir='ltr'>peteret</span> <span class='ocrx_word' id='word_1_270' title='bbox 886 3125 1042 3169; x_wconf 71' lang='lat' dir='ltr'>eosque</span> <span class='ocrx_word' id='word_1_271' title='bbox 1078 3112 1307 3164; x_wconf 84' lang='lat' dir='ltr'>insereret,</span> <span class='ocrx_word' id='word_1_272' title='bbox 1341 3108 1415 3153; x_wconf 90' lang='lat' dir='ltr'>ubi</span> <span class='ocrx_word' id='word_1_273' title='bbox 1451 3109 1650 3153; x_wconf 85' lang='lat' dir='ltr'>lacunam</span> <span class='ocrx_word' id='word_1_274' title='bbox 1687 3108 1854 3164; x_wconf 84' lang='lat' dir='ltr'>statuit,</span> <span class='ocrx_word' id='word_1_275' title='bbox 1893 3108 1968 3150; x_wconf 82' lang='lat' dir='ltr'>sed</span> 
     </span>
    </p>
   </div>
  </div>
 </body>
</html>
