2176 3554
240 427 418 474 pei-atur
450 437 474 462 a
507 422 681 475 Bione,
716 422 767 463 cf.
800 422 922 475 Plut.‚
955 422 1010 464 de
1043 422 1140 465 aud.
1172 431 1283 480 poet.
1315 425 1365 468 4:
1395 427 1546 484 Χαρίεν
1568 427 1612 472 δὲ
1634 430 1707 474 καὶ
1729 431 1775 475 τὸ
1803 436 1897 476 ποῦ’

244 489 423 541 Βίωνος
455 491 555 548 πρὸς
587 491 657 535 τὸν
689 493 890 547 Θέογνιν
922 493 1123 548 λε’γοντα·

1979 526 2007 569 ἶ.

479 590 581 640 ,πᾶς
611 587 689 644 γὰρ
723 587 823 645 ἀνὴρ
859 589 974 646 πενίῃ
1007 590 1261 647 δεδμημένος
1295 591 1389 636 οὔτε
1421 610 1462 637 τι
1493 594 1620 640 εἰπεῖν
1681 581 1837 665 ἔ77
1879 583 1963 668 {fif
1986 570 2103 645 λζ’

481 658 569 702 063⁷
601 658 715 715 ἔρξαι
747 658 930 714 δύναται,
965 663 1137 716 γλῶσσα
1170 662 1214 705 δέ
1247 662 1283 706 οἱ
1315 664 1507 710 δέδεταιῇ

244 758 331 807 πῶς
365 748 430 798 οὖν
462 755 509 798 σύ
546 756 670 812 πένης
708 753 761 799 ὢν
801 760 999 814 φλυαρεῖς
1037 761 1227 802 τοσαῦτα
1264 759 1337 804 καὶ
1374 765 1703 820 καταδολεσχεῖς
1740 765 1876 824 ἡμῶν;

361 827 496 869 Recte
529 829 695 870 monuit
728 828 876 871 Hense
908 827 1032 884 proll.
1066 829 1122 871 ad
1153 830 1245 874 Tel.
1277 848 1317 889 p.
1339 833 1491 877 LXXI
1524 837 1654 879 etiam
1688 837 1797 881 haec
1830 840 1875 882 in

244 898 392 939 Bionis
424 898 608 954 quadam
643 898 833 942 diatriba
865 901 926 942 ita
956 902 1094 957 posita
1128 902 1274 958 fuisse,
1295 911 1343 946 ut
1364 905 1673 951 refutarentur.
1706 909 1877 963 Quibus

244 968 401 1022 verbis,
424 968 527 1010 dum
550 968 849 1012 adversarium
873 970 1013 1013 eludit
1029 970 1150 1026 Bion,
1169 975 1299 1016 etiam
1315 975 1619 1033 Theognidem
1637 980 1880 1024 cavillatur.
1907 967 1927 1009 ’-

361 1039 548 1081 Eosdem
582 1055 732 1082 versus
765 1040 900 1084 Stoici
933 1057 1114 1099 quoque,
1147 1044 1218 1087 vel
1251 1048 1394 1102 potius
1427 1047 1717 1107 Chrysippus,
1757 1054 1879 1095 casti-

242 1110 406 1166 gabant
446 1117 554 1153 tcste
598 1111 841 1167 Plutarcho,
881 1112 935 1155 de
974 1113 1103 1157 Stoic.
1147 1132 1330 1174 repugn.
1374 1122 1400 1173 ξ
1448 1121 1523 1162 14:
1563 1121 1691 1177 ,Ποτὲ
1724 1121 1769 1166 δὲ
1810 1123 1879 1167 τὸν

245 1181 445 1237 Θέογνιν
479 1180 938 1239 ἐπανορῇουμενος·
973 1184 1082 1238 ,Οὐκ
1113 1185 1207 1244 ἔδει,
1237 1189 1371 1246 φησίν,
1408 1190 1554 1235 εἰπεῖν·

719 1278 816 1336 ,χρὴ
849 1280 1019 1338 πενίην
1055 1282 1262 1339 φεύγοντα
1300 1288 1392 1329 κτλ.
1527 1275 1607 1337 [Ἴ
1633 1270 1763 1376 737
1790 1314 1801 1335 ι

247 1376 408 1429 μᾶλλον
429 1372 473 1417 δὲ
1087 1371 1092 1374 ’
1658 1444 1662 1447 ,

720 1468 814 1525 ,χρὴ
851 1469 1032 1527 κακίην
1063 1469 1269 1526 φεύγοντα
1301 1475 1393 1516 κτλ.

367 1562 418 1604 In
453 1578 576 1604 suum
618 1564 753 1618 igitur
786 1579 909 1606 usum
949 1564 1223 1622 Chrysippus
1260 1582 1412 1610 versus
1450 1567 1758 1626 Theognideos
1795 1587 1885 1613 mu-

247 1635 356 1675 tavit
388 1640 431 1675 et
463 1635 685 1690 corrigere
717 1635 884 1677 studuit
916 1634 1359 1694 (ἐπανοοῧούμενος)18.

365 1703 639 1760 Aggreditur
688 1705 948 1749 Plutarchus
992 1707 1158 1751 Stoicos
1199 1716 1242 1752 et
1286 1713 1601 1767 repugnantias
1645 1714 1691 1755 in
1734 1728 1882 1756 eorum

247 1775 446 1817 doctrina
477 1775 685 1833 detegere
718 1778 874 1821 studet.

365 1847 489 1889 Idem
521 1848 569 1890 fit
601 1848 685 1890 alio
718 1849 811 1891 loco
843 1850 1087 1906 Plutarchi,
1125 1851 1198 1894 ubi
1239 1852 1293 1895 de
1328 1854 1483 1896 iisdem
1516 1855 1715 1898 versibus
1747 1855 1885 1898 Theo—

248 1918 424 1973 gnideis
455 1920 618 1974 agitur,
651 1920 703 1962 cf.
742 1920 797 1963 de
831 1936 982 1963 comm.
1015 1929 1100 1964 not.
1134 1923 1281 1978 XXII,
1314 1925 1363 1967 8:
1402 1924 1483 1968 Τόν
1519 1925 1649 1968 τοίνυν
1681 1926 1883 1982 Θέογνιν

250 1988 367 2032 αὐτοὶ
400 1993 650 2042 παντελῶς
682 1990 861 2048 ἀγεννῆ
895 1992 967 2036 καὶ
999 1993 1143 2050 μικρὸν
1174 1992 1376 2051 ἡγοῦνται
1408 1996 1607 2052 λέγοντα·

742 2085 835 2142 ,χρὴ
872 2087 1009 2144 πενίην
1044 2086 1251 2143 φεύγοντα
1286 2092 1377 2132 κτλ.

250 2172 381 2227 οὕτως
409 2176 710 2222 ἀποδειλιῶντα
738 2178 839 2236 πρὸς
867 2179 942 2236 την
971 2180 1111 2224 πενίαν
1138 2179 1363 2239 ἀδιάφορον
1394 2175 1538 2226 οὖσαν·
1569 2182 1661 2227 ἀλλ’
1698 2182 1819 2227 αὐτοί
1837 2201 1883 2240 γε

251 2247 387 2291 ταυτα
420 2253 527 2307 πεζῷ
561 2250 669 2308 λόγῳ
705 2250 1063 2308 παρακελεύονται
1094 2256 1188 2296 κτλ.

373 2320 501 2362 Unde
542 2336 776 2378 cognoscas
813 2338 900 2365 non
940 2324 1065 2367 modo
1104 2325 1890 2385 correctum„‚osso-„Theognidema

252 2390 419 2446 Stoicis,
452 2392 528 2434 sed
562 2395 690 2436 etiam
724 2396 1031 2453 vituperatum.
1192 2396 1194 2398 ’
1229 2386 1305 2395 ”’“

890 2451 911 2453 <⁷
921 2449 1034 2457 ’ἢκ-Ι

348 2569 422 2600 adn.
455 2570 505 2601 18.
533 2569 732 2611 Chrysippus
759 2571 891 2611 saepius
918 2572 1059 2605 fortasse
1086 2571 1399 2612 reliquisomnibus
1427 2574 1595 2613 poetarum
1624 2573 1811 2605 testimonia
1838 2573 1887 2605 at-

254 2625 328 2658 tulit
353 2625 391 2657 ad
418 2625 599 2659 doctrinam
626 2635 716 2659 suani
745 2628 1031 2669 comprobandam.
1057 2629 1145 2667 Quod
1172 2629 1283 2661 nescio
1310 2637 1350 2661 an
1378 2629 1466 2662 nullo
1498 2628 1562 2662 alio
1589 2630 1658 2662 loco
1685 2629 1802 2662 melius
1829 2629 1886 2662 de-

253 2681 394 2714 claretur
426 2689 521 2722 quam
556 2681 708 2724 Diogenis
736 2683 839 2717 Laert.
867 2685 952 2718 dicto
980 2684 1048 2727 VII,
1077 2687 1113 2727 7,
1151 2686 1214 2718 180
1241 2682 1508 2725 (Χρυσίππου
1539 2684 1718 2728 Μήδειαν).
1752 2687 1792 2720 cf.
1825 2687 1883 2719 181

255 2737 330 2770 ibid.
358 2737 540 2778 Apollodori
567 2739 705 2782 dictum,
733 2740 809 2775 ibid.
837 2740 882 2783 X,
911 2743 966 2785 27,
994 2742 1061 2774 tum
1088 2741 1127 2774 cf.
1163 2750 1269 2782 praec.
1298 2741 1409 2775 Galeni
1443 2742 1629 2775 testimonia
1659 2743 1690 2775 in
1723 2742 1805 2775 libro
1837 2743 1888 2786 ,do

256 2793 335 2834 plac.
363 2793 456 2835 llipp.
475 2796 507 2827 et
534 2794 622 2828 Platf
651 2804 679 2836 p.
701 2798 766 2829 274
796 2796 903 2836 (11ῐι11.)
934 2798 1011 2830 260.
1041 2799 1118 2831 281.
1147 2798 1225 2831 300.
1253 2797 1460 2831 Posidonium
1487 2799 1547 2831 hac
1573 2799 1605 2831 in
1632 2806 1667 2831 re
1694 2807 1767 2831 eum
1795 2806 1889 2831 secu-

256 2852 323 2883 tum
350 2858 425 2882 esse
452 2851 535 2883 idem
562 2854 703 2885 testatur
728 2853 871 2886 Galenus
897 2863 926 2895 p.
958 2856 1035 2897 3727
1068 2856 1106 2887 12
1127 2855 1158 2887 et
1179 2855 1244 2887 374
1266 2855 1316 2894 (cs.
1337 2856 1379 2887 et.
1399 2853 1499 2893 Diels,
1519 2854 1630 2896 Sibyll.
1650 2854 1744 2888 Blatt.
1770 2864 1801 2896 p.
1822 2856 1888 2893 21).

257 2907 426 2947 lnipugnat
453 2907 594 2941 Galenus
621 2909 705 2942 hunc
731 2910 851 2943 citandi
880 2918 1002 2943 moreni
1030 2910 1184 2944 similiter
1209 2920 1246 2943 ae
1273 2910 1361 2944 Plato
1388 2911 1526 2944 eandem
1545 2911 1705 2944 rationein
1724 2911 1888 2952 sophista-

256 2971 326 2996 rum
354 2966 386 2995 ct
411 2963 626 2998 Antisthenis.
654 2966 719 3004 Qua
746 2966 779 2998 in
807 2975 840 2998 re
869 2967 979 3000 nescio
1005 2975 1046 3000 an
1075 2967 1280 3000 Plutarchum
1300 2969 1471 3008 sequatur,
1491 2975 1563 3000 cum
1584 2975 1647 2999 non
1667 2967 1774 3000 minus
1793 2975 1888 3008 quam

255 3020 310 3052 ille
338 3021 571 3060 repugnantias
598 3022 777 3055 Stoicorum
806 3025 838 3056 et
864 3024 896 3055 in
923 3023 975 3056 his
1002 3023 1110 3056 allatis
1137 3024 1289 3056 versibus
1324 3025 1356 3056 et
1382 3023 1413 3055 in
1441 3023 1595 3056 universa
1622 3023 1769 3056 doctrina
1795 3023 1889 3056 dete-

257 3083 334 3116 gere
361 3076 501 3108 studeat.
535 3076 688 3110 Galenuni
722 3078 854 3111 novisse
887 3079 1051 3112 Plutarchi
1084 3078 1202 3119 libros,
1235 3086 1317 3119 quos
1348 3080 1461 3112 eontra
1495 3078 1621 3111 Stoicos
1653 3078 1804 3122 scripsit,
1831 3086 1890 3119 pro

258 3134 347 3164 certo
373 3132 524 3165 affirmari
551 3134 670 3175 potest,
699 3143 794 3176 quem
821 3135 951 3176 quidem
978 3144 1050 3168 cuin
1079 3135 1173 3168 laude
1199 3135 1347 3168 nominet
1374 3143 1404 3176 p.
1431 3134 1499 3168 266
1528 3135 1650 3174 (Muli).
