2176 3554
882 804 1113 866 PARS
1178 805 1268 869 II.
1304 836 1328 844 ··

534 970 591 1014 Do
625 965 948 1024 compositione
983 965 1265 1012 collectionis
1299 965 1625 1023 Thoounidoae.

378 1117 486 1158 Eam
521 1116 763 1158 carminum
798 1115 1120 1169 collectionem,
1159 1130 1269 1172 quae
1303 1115 1381 1157 sub
1415 1113 1687 1170 Theognidis
1720 1113 1896 1155 nomine

261 1186 486 1228 codicibus
517 1186 642 1228 nobis
674 1186 833 1228 tradita
868 1192 942 1240 est,
975 1185 1181 1241 florilegii
1216 1187 1406 1242 speciem
1438 1184 1650 1242 praebere
1669 1175 1811 1226 *nemo
1834 1189 1897 1226 est

262 1259 366 1313 quin
399 1257 559 1299 videat.

378 1328 684 1386 Antiquissimi
724 1329 931 1386 florilegii
971 1328 1185 1386 reliquiae
1225 1344 1367 1385 nuper
1406 1328 1523 1386 apud
1560 1328 1804 1384 Aegyptios
1835 1341 1899 1369 re-

262 1407 409 1457 pertae
448 1407 548 1442 sunt
587 1402 632 1442 in
672 1400 823 1442 charta
859 1415 1109 1457 papyracea
1147 1399 1234 1454 (Fl.
1270 1400 1384 1442 Petr.
1425 1415 1521 1457 pap.
1553 1399 1639 1441 tab.
1672 1398 1774 1453 III),
1815 1412 1899 1454 qua

261 1487 306 1512 re
341 1471 481 1513 edocti
516 1487 678 1526 sumus,
712 1472 930 1528 florilegia
963 1473 1049 1514 iam
1087 1473 1217 1514 tertio
1257 1487 1293 1513 a.
1327 1470 1428 1514 Chr.
1467 1471 1640 1514 saeculo
1679 1470 1898 1512 exstitisse

259 1542 329 1595 (cf.
354 1549 406 1584 et.
432 1542 565 1597 Diels,
591 1543 670 1585 Rh.
693 1543 801 1585 Mus.
834 1544 891 1586 30
923 1543 949 1584 l.
977 1543 1013 1597 l.‚
1046 1542 1290 1585 Wilamow.
1322 1542 1498 1592 Heracl.
1530 1543 1550 1584 I
1579 1557 1619 1599 p.
1645 1541 1739 1595 171,
1765 1539 1895 1583 Kaib.

260 1615 304 1655 in
339 1614 487 1656 Herm.
521 1614 719 1657 XXVIII
751 1630 790 1671 p.
825 1613 914 1669 65),
957 1629 1067 1671 quae
1107 1616 1193 1656 iam
1230 1620 1322 1656 tum
1361 1615 1423 1656 ita
1462 1620 1586 1656 erant
1618 1611 1820 1669 ordinata
1849 1618 1896 1654 ut

258 1701 312 1726 ex
343 1687 477 1727 variis
510 1688 647 1742 poetis
685 1688 716 1728 ii
757 1701 907 1728 versus
948 1692 1292 1743 excerperentur
1326 1692 1368 1728 et
1401 1691 1782 1742 componerentur,
1820 1684 1894 1741 qui

259 1757 443 1798 candem
476 1757 547 1799 vel
581 1757 767 1800 similem
801 1759 1065 1800 sententiam
1105 1756 1370 1800 exhiberent
1405 1757 1572 1814 pariter
1609 1762 1738 1812 atque
1776 1755 1895 1796 inve-

259 1830 378 1870 nitur
411 1830 455 1870 in
489 1828 840 1886 locupletissimo,
872 1829 988 1886 quod
1020 1829 1146 1871 nobis
1178 1836 1324 1883 restat,
1357 1827 1530 1870 Stobaei
1565 1827 1795 1882 florilegio.

376 1901 499 1953 Quae
533 1902 588 1942 sit
620 1902 728 1943 ratio
762 1907 934 1942 nostrae
969 1899 1253 1954 collectionis,
1286 1899 1430 1941 adhuc
1462 1898 1542 1940 sub
1567 1898 1713 1940 iudice
1736 1896 1790 1938 lis
1820 1902 1894 1938 est.

377 1972 535 2013 Variae
568 1974 797 2028 opiniones
829 1988 854 2013 a
886 1973 995 2014 viris
1028 1971 1166 2013 doctis
1199 1971 1253 2013 de
1286 1970 1369 2012 hac
1401 1985 1448 2011 re
1480 1968 1674 2026 prolatae
1708 1973 1823 2022 sunt,
1847 1973 1895 2009 ut

260 2045 344 2084 iam
377 2058 505 2099 supra
539 2045 583 2085 in
616 2045 835 2100 prooemio
869 2044 1313 2086 commemoravimus.

378 2114 474 2169 Ego
503 2130 600 2156 cum
630 2115 774 2157 eidem
802 2116 1045 2171 quaestioni
1078 2129 1254 2171 operam
1287 2113 1463 2166 dabam,
1498 2111 1616 2154 edita
1650 2118 1715 2154 est
1742 2111 1895 2154 disser-

258 2186 362 2227 tatio
395 2185 620 2228 Schacferi
656 2187 864 2242 inscripta
898 2186 965 2240 ,de
995 2187 1163 2228 iteratis
1190 2184 1307 2241 apud
1336 2182 1640 2238 Theognidem
1670 2182 1894 2237 distichis‘,

259 2271 342 2312 qua
375 2271 471 2298 cum
505 2263 702 2312 putarem
734 2257 848 2298 hanc
886 2272 978 2299 rem
1011 2256 1317 2299 difficillimam
1349 2260 1627 2297 retractatam
1661 2269 1765 2309 esse,
1797 2269 1893 2311 spes

260 2343 326 2369 me
361 2327 529 2370 fefellit.
571 2327 831 2371 Schaeferus
872 2330 989 2371 enim
1028 2327 1142 2370 nihil
1185 2330 1269 2370 nisi
1308 2327 1445 2370 verba
1482 2332 1634 2383 poetae
1675 2331 1893 2367 scrutatur

199 2453 204 2456 .
259 2414 308 2439 ac
341 2405 460 2441 recte
493 2401 709 2442 consentit
737 2415 835 2442 cum
859 2401 923 2455 iis,
949 2401 1024 2456 qui
1051 2401 1285 2442 maximam
1308 2405 1476 2456 partem
1499 2396 1891 2452 discrepantiarum

259 2469 312 2511 ab
346 2470 524 2512 arbitrio
559 2472 662 2525 eius,
696 2471 980 2527 repetendam
1016 2486 1108 2513 esse
1132 2477 1409 2524 censuerunt,
1432 2470 1507 2526 qui
1530 2468 1708 2510 iteravit
1728 2481 1891 2509 versus.

259 2541 330 2592 (cf.
364 2547 417 2582 et.
449 2541 498 2582 F.
532 2540 692 2596 Cauer,
724 2541 845 2585 Stud.
877 2558 911 2584 z.
944 2541 1145 2598 Theogn.
1173 2541 1285 2584 Phil.
1317 2540 1394 2596 50,
1425 2556 1465 2597 p.
1497 2538 1584 2582 529
1607 2540 1714 2595 sqq.)

376 2610 701 2667 Collectionem,
734 2628 843 2669 quae
878 2612 1103 2655 codicibus
1142 2613 1268 2655 nobis
1300 2612 1478 2676 tiadita
1492 2618 1574 2674 est,
1615 2625 1670 2652 ex
1702 2608 1897 2670 complu-

256 2682 374 2724 ribus
406 2681 588 2739 syllogis
627 2682 983 2739 conglutinatam
1006 2698 1118 2739 esse,
1158 2684 1244 2725 iam
1282 2683 1359 2725 diu
1397 2683 1481 2724 viri
1504 2671 1638 2723 docti
1678 2696 1735 2724 ex
1766 2680 1891 2745 copia

255 2768 457 2795 versuum
480 2756 762 2810 1²·epetit01um
787 2757 1082 2809 coniecerunt.
1104 2755 1175 2810 (cf.
1199 2756 1428 2797 materiem
1452 2752 1548 2796 coll.
1562 2767 1627 2809 ap.
1642 2752 1696 2794 H.
1710 2750 1888 2795 Schnei—
1894 2743 1903 2745 -

256 2825 411 2879 dewin,
445 2824 498 2866 de
533 2825 628 2881 syll.
661 2826 857 2882 Theogn.
890 2843 929 2883 p.
962 2827 988 2868 6
1011 2827 1090 2883 sq.)
1128 2879 1135 2885 ·

372 2895 463 2936 Iam
498 2897 542 2937 in
576 2897 667 2939 cod.
700 2898 806 2939 Mut.
838 2897 912 2951 (A)
946 2898 1060 2940 duae
1093 2905 1194 2940 sunt
1230 2904 1376 2955 partes
1413 2897 1666 2952 distinctae,
1703 2910 1885 2953 quarum

256 2966 392 3008 altera
425 2967 527 3008 inde
560 2983 582 3008 a
616 2984 655 3009 v,
682 2969 784 3010 1231
827 2970 1037 3025 inscripta
1061 2976 1124 3011 est
1150 2967 1339 3025 ἐλεγείων
1366 2972 1402 3023 β,
1425 2968 1555 3026 plane
1579 2967 1755 3010 diversa
1777 2966 1886 3007 haec

256 3053 279 3077 a
310 3039 453 3093 priore
487 3037 632 3080 indole
666 3046 709 3080 et
740 3041 895 3095 pretio,
934 3040 1051 3082 unde
1085 3040 1249 3082 factum
1283 3055 1375 3082 esse
1407 3039 1602 3094 videtur,
1640 3045 1688 3080 ut
1726 3053 1751 3080 a
1789 3035 1888 3079 reli-

253 3110 349 3164 quis
382 3108 605 3150 codicibus
638 3109 746 3152 haec
778 3125 877 3166 pars
909 3112 1195 3153 omitteretur.
1233 3110 1322 3153 Sed
1358 3110 1412 3153 de
1451 3109 1533 3152 hac
1570 3116 1693 3166 parte
1725 3114 1886 3166 postea.
