2176 3554
938 299 1231 341 -64-

267 410 376 465 (οὐδὲ
416 407 741 465 κεκλήσεται)
784 414 826 449 01
866 422 905 448 v.
945 407 1056 449 1207
1091 403 1207 459 (οὔτε
1240 406 1530 461 καλοῦμεν),
1565 405 1680 447 inter
1711 419 1751 446 v.
1786 403 1900 446 1210

268 480 488 541 (πατρῴας
519 482 599 537 γῆς
630 477 954 535 ἀπεουκόμενος)
987 484 1030 520 01
1062 493 1102 520 v.
1129 476 1239 520 1213
1263 491 1322 533 sq·
1345 474 1451 530 (ἐπεὶ
1483 473 1531 519 ἐκ
1562 478 1643 533 γῆς
1668 474 1900 532 φεύγομεν).

269 569 307 595 v.
343 551 452 595 1217
477 567 536 609 sq.
569 552 829 594 contrariam
866 550 1118 606 exprimunt
1156 548 1419 592 sententiam
1458 546 1658 590 versibus
1697 547 1808 589 1041
1841 561 1902 604 sq.

357 624 511 681 „Finis
556 623 808 666 certaminis
856 621 1073 663 excidisse
1117 619 1310 674 videtur,
1357 634 1454 661 cum
1498 634 1539 660 v.
1579 618 1692 660 1219
1729 633 1788 674 sq.
1824 619 1901 660 vix

209 691 219 697 ’
269 693 462 738 extremo
496 695 587 736 loco
619 695 747 750 positi
780 693 956 735 fuerint.

387 766 495 808 Inde
530 781 554 807 a
585 781 624 807 V.
660 765 745 807 754
777 765 911 819 igitur
944 762 1069 806 nobis
1102 768 1298 818 superest
1334 760 1534 803 collectio
1567 761 1809 802 carminum
1843 761 1903 802 ita

268 838 513 894 composita,
546 844 594 878 ut
626 835 844 878 convivali
877 836 974 877 usui
1009 840 1110 892 apta
1142 839 1265 887 esset,
1300 839 1508 890 quantum
1542 830 1718 889 quidem
1751 830 1902 886 colligi

268 910 399 965 possit
431 923 485 949 ex
518 908 709 964 antiquis
741 906 1002 949 testimoniis
1036 905 1090 947 de
1124 905 1433 961 compositione
1467 902 1620 946 talium
1648 903 1903 945 carminum.

268 981 410 1022 Etiam
444 979 556 1022 hanc
590 978 860 1021 collectionis
893 983 1061 1034 partem
1095 992 1120 1018 a
1151 975 1411 1032 Theognide
1445 990 1531 1017 non
1566 976 1627 1017 ita
1659 975 1901 1016 institutam

266 1067 375 1106 esse,
418 1051 498 1093 1100
540 1053 625 1093 iam
663 1055 783 1107 patet
822 1063 920 1091 cum
962 1064 1018 1091 ex
1054 1047 1254 1090 versibus
1285 1048 1484 1104 repetitis
1515 1047 1778 1102 mutatisque
1810 1051 1901 1087 tum

267 1139 321 1165 ex
355 1138 414 1177 eo,
448 1122 562 1179 quod
594 1123 696 1164 satis
729 1120 866 1163 multa
900 1121 1189 1162 inveniuntur
1222 1120 1428 1173 carmina,
1456 1133 1566 1175 quae
1597 1117 1780 1174 aliorum
1810 1131 1903 1158 esse

265 1200 500 1250 poetarum,
524 1200 640 1236 certo
664 1200 842 1235 constat.
875 1191 1092 1235 Collector
1123 1191 1258 1246 igitur
1281 1190 1390 1232 haec
1414 1190 1611 1232 carmina
1633 1204 1687 1231 ex
1709 1188 1903 1244 genuino

264 1266 416 1308 ordine
456 1267 618 1323 eripuit
658 1279 794 1321 eaque
834 1265 879 1305 in
919 1263 1111 1320 speciem
1153 1262 1405 1303 certaminis
1445 1259 1689 1303 convivalis
1727 1258 1906 1315 collegit

266 1344 308 1379 et
340 1353 462 1380 suum
498 1339 542 1378 in
576 1352 701 1378 usum
735 1334 969 1377 ordinavit.

382 1408 473 1451 Alii
501 1423 651 1450 versus
682 1406 738 1449 ad
766 1405 950 1448 verbum
979 1405 1155 1461 repetiti
1186 1403 1262 1446 alii
1295 1403 1440 1445 minus
1472 1401 1548 1444 alii
1577 1402 1718 1457 magis
1750 1400 1903 1443 mutati

264 1485 374 1533 sunt,
408 1479 460 1520 cf.
483 1477 676 1520 tabulam
710 1477 765 1519 ad
799 1475 1071 1519 commodum
1104 1475 1495 1534 usum'institutam
1520 1472 1636 1530 apud
1664 1472 1722 1514 M.
1745 1471 1903 1515 Sohae-

265 1552 404 1593 ferum
439 1550 465 1592 l.
498 1550 523 1591 l.
556 1565 655 1606 pag.
685 1548 723 1591 5.

382 1622 498 1675 Quot
531 1636 681 1663 versus
713 1618 985 1675 Theognidis
1019 1619 1153 1675 ipsius
1186 1618 1284 1672 sint,
1306 1631 1480 1673 prorsus
1503 1617 1719 1658 incertum
1742 1620 1899 1669 manet,

265 1710 319 1736 ex
363 1694 624 1736 Mimnermo
668 1692 794 1749 petiti
840 1697 941 1733 sunt
988 1689 1236 1744 1017-22,
1288 1704 1344 1731 ex
1383 1688 1573 1745 Tyrtaeo
1613 1685 1818 1729 935—38
1857 1692 1936 1728 et-
1987 1713 1990 1718 -

267 1765 467 1808 1003—6
509 1771 637 1821 atque
681 1765 741 1805 ita
781 1762 959 1819 quidem
1001 1762 1173 1814 mutati,
1218 1766 1265 1803 ut
1307 1759 1620 1816 adaptarentur
1661 1755 1898 1814 principali

267 1837 524 1879 sentcntiae.

384 1924 422 1950 v,
455 1907 656 1950 933-38
692 1922 746 1949 ex
779 1906 969 1963 Tyrtaeo
1002 1904 1084 1959 frg.
1118 1905 1181 1958 12,
1214 1902 1389 1946 37-42
1422 1902 1632 1945 contracti
1667 1907 1709 1942 01
1739 1900 1909 1943 variati

268 1981 326 2021 ita
359 1986 470 2033 sunt,
503 1986 550 2021 ut
581 1979 801 2021 sententia.
834 1976 1041 2019 evaderet
1073 1973 1436 2017 antecedentibus
1469 1972 1656 2030 quadam
1689 1987 1746 2014 ex
1776 1977 1899 2028 parte

268 2052 494 2093 contraria.

383 2122 581 2164 Indolem
614 2135 819 2164 versuum
852 2120 955 2163 inde
990 2135 1015 2162 a
1047 2118 1133 2162 754
1164 2118 1382 2161 diversam
1421 2132 1513 2160 esse
1551 2115 1605 2158 ab
1638 2113 1899 2157 anteceden-

265 2194 380 2236 tibus
413 2194 509 2237 aliis
543 2208 711 2251 quoque
745 2194 885 2234 causis
917 2191 1136 2248 probatur.

384 2265 579 2308 Offendit
622 2266 811 2321 primum
856 2264 938 2306 hac
984 2265 1029 2305 in
1073 2268 1196 2320 parte
1240 2260 1375 2303 multo
1405 2259 1570 2321 ‘plures
1614 2258 1898 2301 allocutiones

265 2342 479 2379 certarum
512 2350 793 2393 personarum
826 2337 968 2377 inesse
1001 2349 1129 2391 quam
1162 2335 1208 2375 in
1241 2330 1543 2375 antecedente.

382 2407 560 2449 Praetci
598 2406 807 2463 Cyrnum,
841 2407 963 2449 cuius
1001 2420 1161 2448 nomen
1199 2404 1255 2446 ad
1297 2403 1412 2446 hanc
1451 2403 1750 2460 quaestionem
1782 2399 1895 2442 nihil

265 2478 392 2532 valet,
425 2480 705 2520 nominantur
737 2476 940 2534 Θεότιμος
972 2476 1150 2535 quidam
1183 2477 1229 2518 in
1261 2491 1301 2518 v.
1334 2474 1431 2529 881,
1458 2472 1741 2546 Ἀκάδημος
1726 2487 1765 2514 v.
1797 2469 1896 2525 993,

264 2548 463 2607 Δημῶναξ
507 2549 640 2606 1085,
683 2548 871 2607 Ἄργνοις
915 2549 1047 2603 1222,
1085 2543 1335 2605 Τιμαγόρα·
1347 2507 1476 2600 1059,
1517 2552 1560 2588 et
1590 2526 1779 2619 Σκόὲςβζ
1798 2542 1895 2597 829,

265 2623 337 2678 qui
371 2637 521 2664 servus
554 2628 617 2664 est
650 2619 842 2677 οἰνοχόος.

380 2693 492 2735 Τ11111
525 2694 570 2735 111
604 2692 685 2734 hac
717 2699 839 2749 parte
872 2705 960 2734 non
992 2690 1130 2733 solum
1163 2703 1414 2732 communes
1444 2688 1688 2730 sententiae
1711 2683 1895 2728 morales

264 2763 559 2819 proferuntur,
592 2763 668 2806 sed
702 2765 833 2806 etiam
866 2762 1001 2805 multo
1035 2763 1207 2818 saepius
1240 2776 1368 2818 quam
1402 2760 1444 2802 in
1479 2765 1602 2816 parte
1634 2758 1674 2813 Ι,
1712 2772 1781 2799 res
1812 2756 1895 2812 pri-

266 2841 388 2877 vatae
422 2842 465 2877 01
496 2835 698 2892 publicae
732 2837 986 2891 tanguntur.

381 2905 585 2961 Accedit,
622 2914 669 2949 ut
702 2922 756 2948 ex
787 2905 867 2948 LV
900 2905 1006 2948 locis
1044 2904 1161 2962 apud
1199 2903 1315 2947 Stob.
1355 2918 1411 2945 ex
1449 2900 1709 2957 Theognide
1750 2898 1893 2942 citatis

263 2977 334 3018 IX
367 2977 525 3019 solum
557 2979 808 3034 pertineant
840 2976 894 3018 ad
928 2976 1041 3019 hanc
1079 2983 1247 3033 partem
1287 2976 1416 3032 eique
1455 2975 1515 3016 ita
1552 2972 1805 3029 comparati,
1846 2976 1893 3012 ut

262 3049 513 3102 generalem
545 3049 763 3105 quandam
797 3048 1046 3103 exprimant
1078 3048 1353 3090 sententiam.

379 3119 449 3161 Ex
481 3119 568 3161 alia
599 3119 789 3175 denique
822 3125 944 3174 parte
978 3118 1226 3163 confirmari
1258 3123 1361 3173 puto
1400 3121 1589 3158 nostram
1627 3114 1890 3170 opinionem.
