2176 3554
887 335 1178 378 -58-

335 442 480 483 Etiam
506 442 549 482 in
580 439 863 497 sequentibus
886 439 1011 482 multi
1039 440 1328 482 inveniuntur
1355 455 1517 494 versuS,
1539 455 1644 497 quos
1666 439 1850 484 aliorum

218 528 308 554 esse
341 519 565 568 poetarum
600 517 719 553 certa
752 509 963 552 habemus
995 511 1256 552 testimonia.
1287 509 1417 560 Multi
1445 510 1521 553 alii
1545 526 1571 552 a
1591 511 1851 568 Theognide

215 583 497 626 abiudicandi
540 599 631 625 esse
670 582 896 634 videntur,
938 581 993 624 de
1032 596 1114 638 quo
1152 588 1299 624 tamen
1341 580 1454 623 nihil
1498 582 1605 624 certi
1644 583 1851 626 affirmari

214 662 364 711 potest,
391 654 515 697 multi
545 653 621 696 alii
650 654 932 709 reperiuntur
964 668 1019 694 ex
1049 653 1191 709 prima
1219 651 1491 695 collectionis
1518 659 1642 708 parte
1663 654 1851 710 repetiti,

214 727 370 782 partim
405 727 567 782 integri
601 725 758 781 partim
793 725 853 766 ita
891 725 1064 778 mutati,
1104 731 1150 766 ut
1193 723 1310 766 clare
1347 723 1573 780 perluceat
1611 724 1853 767 convivalis

213 797 322 839 ratio
337 797 376 838 ³⁰.

334 866 428 909 Hac
461 868 506 908 in
539 873 662 923 parte
695 865 1009 908 Nietzschiana
1041 881 1210 923 quoque
1238 867 1347 908 ratio
1370 865 1597 922 probanda
1620 873 1694 909 est.
1726 867 1851 921 Nam,

214 945 260 980 ut
294 954 348 980 cx
381 936 541 979 Athen.
575 938 870 993 eognovimus,
905 938 1077 979 cantica
1110 938 1170 979 ita
1202 936 1412 993 deinceps
1439 952 1533 979 sese
1557 937 1850 994 excipiebant,

214 1016 259 1052 ut
292 1009 402 1051 alter
434 1008 614 1051 alterius
646 1008 910 1050 sententiam
943 1006 1015 1050 vel
1054 1007 1265 1050 verbum
1305 1007 1481 1065 aliquod
1519 1014 1738 1065 repeteret
1779 1023 1850 1052 no-

212 1081 365 1137 visque
398 1079 558 1122 additis
591 1085 773 1135 augeret
806 1086 847 1121 et
881 1079 1168 1121 continuaret.

331 1151 430 1193 Post
471 1150 650 1192 deorum
692 1149 1001 1192 allocutionem
1042 1151 1091 1192 fit
1133 1151 1307 1192 initium
1351 1167 1375 1193 a
1412 1151 1613 1194 versibus
1647 1152 1848 1195 7—83-88

213 1223 447 1280 aptissime.
488 1220 560 1263 Ad
595 1236 747 1264 versus
792 1221 873 1264 787
901 1237 960 1278 sq.
1002 1221 1236 1278 respondet
1277 1221 1387 1265 alter
1428 1224 1732 1279 symposiasta,
1762 1225 1846 1282 *qui

213 1295 378 1351 patriae
412 1292 532 1335 laudi
566 1294 744 1350 opponit
771 1294 946 1335 virtutis
976 1299 1019 1335 et
1047 1294 1290 1349 sapientiae
1318 1292 1506 1336 laudem.
1537 1294 1649 1336 Nam
1675 1309 1850 1351 prorsus

214 1381 319 1408 sana
351 1371 414 1407 est
447 1364 539 1406 cod.
570 1363 610 1406 A
648 1365 864 1420 scriptura
896 1362 999 1420 ,ἀντ’
1031 1361 1188 1420 ἀρετῆς
1220 1364 1370 1421 σοφίης
1403 1364 1477 1418 τεί,
1516 1379 1658 1422 neque
1697 1365 1852 1408 debuit

214 1436 433 1492 Bergkius
465 1437 663 1492 recipere
697 1434 848 1478 Vineti
884 1436 1180 1478 coniecturam
1215 1432 1385 1491 ,ἐρατῆς
1407 1434 1583 1492 σοφίηςι.
1615 1448 1663 1478 V.‘
1684 1435 1766 1479 797
1790 1451 1850 1494 sq.

214 1509 375 1565 optime
409 1522 453 1549 se
486 1506 736 1562 adiungunt
768 1506 823 1549 ad
855 1521 895 1548 v,
929 1505 1014 1548 795
1046 1521 1106 1562 sq.
1138 1504 1209 1547 Ad
1243 1505 1428 1548 eandem
1460 1507 1723 1550 sententiam
1755 1522 1847 1565 per-

213 1580 332 1635 gitur
365 1579 411 1620 in
443 1593 483 1620 v.
518 1577 601 1620 799
623 1593 683 1635 sq.
716 1585 759 1620 et
792 1578 1027 1621 801—804
1060 1579 1182 1634 (quos
1216 1577 1268 1620 cf.
1302 1593 1400 1620 cum
1432 1576 1489 1620 25
1511 1580 1603 1635 sq.).

300 1668 302 1671 ⁴
331 1665 370 1691 v.
403 1648 639 1693 805—820
672 1650 787 1692 inter
819 1665 863 1692 se
897 1649 1182 1692 cohaerentes
1219 1647 1494 1705 Theognidis
1530 1650 1715 1706 genuini
1755 1666 1847 1693 esse

213 1722 420 1764 videntur
450 1736 601 1764 versus
634 1709 739 1765 licet
772 1723 1016 1778 interrupto
1049 1721 1362 1763 sententiarum
1397 1735 1528 1763 nexu.

331 1791 560 1850 Oppositos
593 1794 709 1836 inter
741 1809 785 1836 se
818 1807 1054 1850 cognosces
1075 1808 1115 1834 v.
1138 1785 1222 1835 817
1246 1807 1305 1848 sq.
1329 1798 1371 1834 et
1394 1792 1479 1835 819
1505 1807 1577 1849 sq„
1607 1792 1684 1834 sed
1711 1798 1848 1835 trans-

212 1863 404 1921 ponendi
451 1864 559 1906 mihi
612 1864 837 1918 videntur,
890 1879 973 1920 quo
1022 1864 1136 1906 facto
1179 1865 1340 1920 optime
1384 1862 1584 1919 perlucet
1627 1864 1850 1921 oppositio·

213 1936 399 1978 Diverse
432 1935 630 1978 iudicant
663 1935 718 1977 de
750 1935 836 1977 fato
869 1936 1039 1991 (μοῖρα).
1745 1931 1755 1935 ”

330 2005 446 2048 Ante
478 2022 518 2048 v.
551 2007 630 2048 821
669 2005 870 2049 lacunam
903 2005 1179 2049 statuendam
1205 2021 1297 2048 esse
1319 2007 1460 2062 primo
1483 2006 1693 2062 adspectu
1718 2012 1849 2062 patet,

214 2094 310 2121 cum
344 2078 456 2120 nihil
489 2078 736 2134 praecedat,
770 2079 840 2120 cui
873 2077 1136 2135 respondeat
1169 2076 1280 2119 illud
1313 2075 1349 2118 οἱ
1381 2073 1426 2119 δὲ
1456 2078 1512 2130 (v.
1545 2077 1660 2130 821).

0 2176 61 2214 54,
96 2136 242 2229 Jlstlffl
332 2165 372 2191 v.
405 2149 638 2192 823—836
672 2149 973 2207 coniungendi
1006 2155 1107 2191 sunt
1144 2164 1170 2191 a
1206 2147 1406 2205 pluribus
1441 2147 1651 2204 deinceps
1682 2163 1850 2205 sympo-

0 2215 96 2271 f¹f½⁴
121 2259 128 2262 .
214 2222 357 2263 siastis
389 2220 557 2277 prolati.
590 2221 660 2263 Ex
694 2222 746 2263 iis
780 2220 1049 2264 carminibus
1083 2220 1280 2276 excerpti
1315 2234 1407 2262 esse
1439 2219 1660 2274 videntur,
1693 2219 1851 2276 quibus

122 2286 131 2307 ¹
162 2291 479 2364 &querebatur
511 2292 734 2349 Theognis
767 2292 821 2335 de
856 2292 1103 2334 calamitate
1136 2291 1304 2347 patriae
1339 2296 1381 2332 et
1413 2291 1549 2347 ipsius
1580 2305 1741 2333 rerum.

177 2356 210 2366 ”
331 2377 370 2403 ν.
409 2362 614 2405 837—44
655 2363 840 2406 hilarius
882 2370 1094 2406 tractatur
1137 2368 1468 2419 argumentum:
1510 2363 1605 2405 vini
1646 2361 1849 2404 laudatio.

158 2364 206 2378 'ab

0 2409 49 2469 Ᾰ
68 2458 74 2470 ·
217 2433 415 2489 Oppositi
448 2441 548 2476 sunt
581 2436 696 2478 inter
728 2451 774 2478 se
807 2435 892 2478 843
924 2450 982 2492 sq.
1022 2441 1065 2478 et
1103 2434 1360 2477 837-842:
1400 2434 1468 2476 his
1507 2433 1709 2508 laudatpr
1746 2440 1865 2505 tem-7
2016 2472 2094 2503 ,η

214 2505 414 2560 perantia
446 2506 491 2546 in
523 2506 626 2547 vino
659 2506 862 2561 bibendo,
897 2506 985 2549 illis
1018 2487 1370 2562 intensperantia.
1448 2505 1765 2543 ³250de
1796 2483 2009 2572 &Lag-s—
2039 2513 2176 2569 γαῖν

13 2601 29 2650 l
79 2601 137 2645 ἀί)
333 2590 371 2615 v.
405 2575 636 2618 845—856
670 2591 838 2634 quoque
873 2592 928 2619 ex
967 2569 1238 2619 carminibus
1276 2576 1474 2632 excerpti
1512 2575 1737 2628 videntur,
1775 2576 1848 2632 qui

0 2643 82 2723 'ror
107 2653 164 2732 ,ss
216 2646 270 2687 ad
311 2661 380 2688 res
422 2646 621 2702 publicas
661 2649 988 2704 Megarensium
1029 2646 1328 2704 pertinebant,
1373 2647 1426 2688 cf.
1464 2662 1562 2689 cum
1600 2663 1640 2689 v.
1672 2647 1758 2690 855
1790 2662 1849 2704 sq.

21 2704 30 2722 ’
135 2738 141 2749 ›
216 2716 356 2759 Strab.
390 2718 467 2772 IX,
500 2718 538 2772 8,
578 2721 621 2761 1:
655 2721 862 2772 ,Πολλαῖς
884 2717 929 2762 δὲ
955 2718 1159 2776 κέχρηται
1183 2715 1489 2775 μεταβολαῖςὴ
1521 2720 1601 2761 τῶν
1627 2718 1850 2775 Μεγαρέων

218 2787 351 2838 πόλιςζ
390 2789 464 2843 (cf.
503 2795 556 2831 et.
594 2789 725 2832 Arist.
763 2790 888 2833 Polit.
921 2790 1025 2844 570,
1064 2790 1132 2832 32.
1170 2790 1275 2844 562,
1313 2790 1383 2834 40.
1422 2789 1527 2843 567,
1570 2790 1620 2833 18
1660 2796 1703 2832 et
1734 2788 1846 2832 Plut.

219 2865 378 2913 quaest.
412 2858 566 2902 Graec.
599 2876 637 2916 p.
670 2861 785 2915 364).

337 3046 411 3079 adn.
432 3048 485 3079 30.
522 3047 700 3081 l'eccabant
733 3049 893 3089 editores,
929 3050 1015 3091 quod
1049 3056 1166 3082 versus
1203 3048 1233 3081 in
1273 3048 1365 3080 codd.
1405 3046 1562 3088 repetitos
1602 3045 1783 3079 omiserunt
1814 3046 1847 3079 in

220 3102 426 3135 editionibus.
461 3103 587 3136 Primus
619 3104 651 3137 E.
678 3105 822 3138 Hillerus
855 3106 886 3138 in
921 3106 968 3139 lv.
1002 3105 1079 3139 edit.
1112 3105 1208 3139 Anth.
1242 3105 1301 3145 lyr.
1336 3105 1424 3137 recte
1456 3110 1574 3137 versus
1604 3102 1763 3143 repetitos
1789 3110 1848 3136 suo

222 3159 290 3192 loco
316 3158 455 3192 intactos
481 3160 623 3203 reliquit.
