2176 3554
867 293 1162 336 -η-

300 399 496 462 *Summa
533 402 666 445 totius
702 401 1012 460 disputationis
1049 401 1180 445 huius
1210 399 1375 457 dialogi
1408 399 1636 443 invenitur
1666 397 1715 442 in
1746 396 1833 439 fine

199 469 445 517 wfl-loO.
1516 477 1520 481 '
1603 477 1605 479 '

244 571 267 577 α
311 543 386 588 :Re
418 545 464 588 in
497 545 578 588 hoc
609 545 788 604 quidem
819 545 995 603 dialogo
1025 546 1326 603 quaestionem
1347 543 1404 587 ad
1424 543 1558 586 finem
1579 541 1836 600 perductam

201 628 309 669 essa,
337 613 462 659 Plato
494 617 586 674 ipso
621 615 789 660 indicat
822 616 962 661 100⁵:
997 614 1060 672 ,τὸ
1092 613 1139 660 δὲ
1172 612 1308 671 σαφὲς
1341 613 1434 671 περὶ
1466 611 1597 658 αὐτοῦ
1632 612 1837 670 &ewra

203 682 321 740 τότε,
355 681 460 730 ’ὁταν
499 685 592 743 πρὶν
628 679 741 746 ᾧτινι
776 685 916 746 τρόπῳ
953 688 1044 739 τοῖς
1078 684 1317 743 ἀνδρόπαις
1355 680 1654 742 παραγίγνιτάι
1688 682 1836 741 dost-ri,

205 755 403 815 πρότερον
433 755 757 816 ‘'taluc-ejectam
787 756 893 805 αὐτὸ
924 758 1026 803 καθ’
1057 755 1161 803 αὑτὸ
1191 758 1330 815 ζητεῖν
1356 754 1512 800 ταί-ποτ’
1532 753 1646 801 ἔστιν
1676 754 1837 813 αἴρετε-ἠ.ι

322 827 463 874 Simul
499 844 606 873 vero
645 830 715 873 his
752 829 902 875 verbis
945 829 1180 885 indicavit,
1217 827 1304 872 sibi
1347 827 1542 871 nondum
1583 841 1837 885 persuasum

206 915 301 944 esse
340 900 397 944 de
440 900 738 956 conclusione,
783 917 912 960 quam
960 902 1118 946 fecerit
1160 899 1449 944 99⁶—100·.
1491 898 1588 943 Hoc
1629 898 1839 958 probatur

206 972 340 1016 ctiam
373 971 659 1031 hypothetica
687 972 981 1017 conclusionis
1011 972 1151 1016 forma
1170 970 1221 1027 ,οἰ
1238 969 1368 1030 μήτις
1395 974 1501 1025 κτλ,
1531 985 1583 1014 ac
1610 970 1838 1014 Platonem

207 1041 331 1087 aliud
373 1042 572 1087 docuisse
612 1044 695 1088 hoc
732 1045 820 1088 iam
858 1059 915 1087 ex
952 1043 1121 1102 Gorgia
1159 1042 1334 1102 dialogo
1370 1051 1569 1101 apparet,
1604 1041 1682 1086 ubi
1721 1049 1843 1086 certa

209 1112 446 1159 dialectica
470 1117 639 1159 ratione
665 1116 1000 1171 demonstratur,
1025 1117 1234 1159 virtutem
1265 1130 1358 1159 esse
1386 1112 1622 1172 ἐπιστήμην
1648 1122 1693 1157 et
1719 1127 1843 1172 prop·

209 1191 333 1229 terea
362 1186 572 1231 διδακτόν.

327 1256 722 1323 19023990110st2111
754 1266 883 1316 atque
917 1260 962 1301 in
994 1258 1234 1315 Protagora
1265 1258 1310 1301 id
1332 1259 1523 1301 maxime
1545 1257 1843 1301 demonstrare

210 1328 389 1383 studuit,
416 1331 604 1387 primum
630 1331 838 1374 virtutem
871 1345 958 1373 non
991 1345 1084 1373 esse
1116 1327 1248 1386 φύσει,
1278 1336 1372 1372 tum
1402 1343 1529 1373 veros
1554 1329 1732 1372 virtutis
1758 1343 1845 1371 ma·

211 1401 372 1457 gistros
411 1418 498 1445 non
536 1410 730 1459 exstare,
769 1418 820 1445 ac
857 1402 1039 1445 minime
1079 1401 1258 1460 quidem
1300 1401 1530 1459 sophistas,
1567 1402 1642 1459 qui
1680 1399 1760 1443 soli
1799 1399 1845 1443 id

207 1472 528 1529 profiterentur.
565 1474 733 1517 Tamen
767 1475 899 1516 etiam
935 1473 1051 1517 hanc
1081 1475 1365 1527 sententiam,
1395 1487 1522 1517 veros
1553 1487 1639 1516 non
1673 1479 1846 1515 exstare

212 1545 461 1601 magistros,
511 1546 773 1589 imminuere
821 1544 969 1588 studet
1016 1543 1300 1603 hypothetico
1350 1545 1578 1587 enuntiato
1632 1542 1769 1586 100⁸:
1811 1541 1852 1586 εἰ

212 1613 342 1671 μήτις
377 1614 441 1674 εἴη
478 1619 666 1668 <ezoni-0:
696 1619 778 1661 τῶν
809 1619 1031 1661 πολιτικῶν
1060 1614 1236 1674 ἀνδρῶν,
1277 1607 1363 1667 οἷος
1399 1614 1472 1661 καὶ
1507 1612 1638 1659 ἄλλον
1676 1617 1849 1671 ποιῆσαι

214 1687 437 1732 πολιτικόν.

334 1759 434 1814 Qua
476 1763 714 1815 sententia,
757 1762 838 1804 etsi
881 1760 1166 1818 hypothetico
1207 1775 1327 1803 more
1371 1761 1661 1817 exprimatur,
1701 1767 1848 1801 tamen

219 1845 347 1874 nemo
378 1847 465 1875 non
497 1832 631 1887 videt,
663 1840 827 1876 certam
858 1846 1088 1890 personam
1120 1831 1362 1889 significari
1391 1831 1463 1885 (cf.
1483 1826 1577 1883 τὶξ).
1608 1829 1734 1884 Quae
1755 1843 1851 1886 per-

216 1915 323 1945 sona
352 1902 477 1946 nulla
506 1902 595 1947 alia
625 1912 701 1959 est,
732 1918 784 1947 ac
814 1902 1014 1947 Socrates
1045 1911 1089 1947 et
1119 1902 1244 1946 Plato
1276 1904 1381 1961 ipse,
1413 1904 1508 1946 eius
1537 1900 1792 1959 discipulus.

335 1973 509 2032 Impetn
540 1974 726 2033 quodam
758 1976 929 2033 poetico
960 1975 1178 2033 abripitur
1208 1974 1292 2018 hoc
1322 1973 1488 2031 dialogi
1520 1973 1632 2029 loc0,
1667 1972 1850 2017 Homeri

218 2058 371 2089 versus
401 2048 443 2090 ei
476 2048 522 2089 in
554 2048 809 2091 memoriam
839 2048 1037 2102 veniunt,
1068 2062 1221 2090 verum
1252 2047 1430 2090 virtutis
1455 2046 1713 2103 magistrum
1741 2058 1852 2088 com·

218 2124 345 2175 parat
375 2133 475 2161 cum
512 2127 613 2162 vatc
649 2118 834 2163 Tiresia.
870 2117 1043 2173 Quibus
1080 2119 1127 2161 in
1164 2117 1313 2161 verbis
1349 2131 1500 2160 omnes
1536 2117 1701 2160 sentire
1737 2124 1855 2174 puto,

219 2186 392 2232 Platoni
427 2191 511 2233 iam
544 2198 637 2234 tum
667 2205 921 2249 persuasum
953 2190 1099 2245 fuisse,
1131 2207 1183 2232 se
1214 2203 1364 2232 veram
1395 2189 1572 2232 virtutis
1609 2187 1852 2231 doctrinam

222 2259 458 2304 invenisse.
504 2259 615 2305 Cum
665 2261 892 2306 alacritate
941 2261 1078 2303 animi
1129 2259 1238 2304 haec
1287 2258 1425 2302 verba
1472 2258 1677 2316 proferri,
1723 2258 1855 2302 facil<-

220 2331 557 2377 animadvertes.
595 2332 804 2378 Offendat
840 2332 1021 2376 sortasse
1060 2333 1178 2374 notio
1215 2328 1467 2384 ‚7:02thss
1499 2329 1579 2374 sed
1609 2331 1771 2374 scimus
1801 2344 1857 2373 ex

222 2402 359 2461 Gorg.
378 2403 482 2447 dial.
502 2413 548 2447 et
567 2403 753 2463 Republ.
773 2402 1158 2461 philosophiam
1183 2401 1411 2445 Platonem
1438 2402 1687 2445 nominasse
1707 2417 1856 2445 veram

227 2474 377 2535 τίχνην
407 2475 628 2524 πολιτικῆν
658 2484 702 2520 et
733 2473 966 2533 ῥητορικήν,
998 2473 1267 2532 philosophis
1299 2488 1399 2517 eum
1429 2474 1619 2531 primum
1652 2473 1856 2517 tribuisse

225 2545 368 2591 locum
402 2549 448 2591 in
480 2547 710 2606 republica
739 2546 950 2605 gerenda.

346 2619 512 2663 Eodem
544 2627 688 2663 autem
723 2618 828 2672 loco,
859 2633 943 2677 quo
974 2617 1254 2674 sophisticam
1294 2617 1470 2660 virtutis
1507 2616 1751 2660 doctrinam
1785 2618 1860 2659 im·

225 2690 392 2747 probat,
423 2690 512 2734 alia
541 2706 711 2749 quoque
743 2690 830 2734 duo
860 2705 1028 2747 genera
1060 2688 1306 2741 hominum,
1336 2689 1411 2746 qui
1450 2689 1647 2745 magistri
1686 2689 1860 2731 virtutis

227 2776 400 2820 semper
439 2761 733 2816 habebantur,
774 2763 981 2805 virtutem
1025 2760 1183 2803 docere
1223 2774 1347 2816 posse
1385 2767 1540 2817 negat:
1576 2758 1777 2816 politicos
1818 2767 1861 2801 ct

224 2841 416 2890 poetas.
446 2832 651 2877 Politicos
682 2834 857 2876 virtutis
888 2834 1116 2889 magistros
1149 2846 1234 2873 non
1268 2847 1374 2885 esse,
1406 2845 1505 2874 cum
1538 2831 1654 2874 inter
1686 2829 1783 2873 illos
1816 2829 1861 2872 id

229 2904 367 2962 ipsum
401 2919 486 2947 non
519 2906 767 2958 conveniat,
802 2911 945 2947 utrum
979 2903 1118 2945 virtus
1149 2901 1296 2945 doceri
1320 2909 1464 2960 posset
1484 2917 1567 2946 nec
1589 2917 1659 2944 nc.
1690 2900 1745 2944 cf.
1766 2899 1864 2945 95¹².

347 2976 444 3019 Non
484 2978 629 3020 minus
669 2983 815 3019 autem
856 2975 1095 3031 ancipitem
1136 2988 1231 3017 esso
1274 2972 1632 3032 'l'heognidem
1679 2980 1861 3029 poetam,

228 3044 352 3089 Plato
389 3048 552 3104 porgit,
589 3063 689 3091 cum
726 3046 863 3090 altero
901 3044 995 3089 loco
1033 3044 1270 3088 contendat
1308 3046 1514 3088 virtutem
1554 3043 1699 3086 doceri
1741 3057 1861 3099 poss«-

230 3126 320 3171 (vv.
349 3116 406 3160 33
427 3123 546 3175 ηιμ,
578 3117 714 3161 altero
748 3117 840 3160 lucu
873 3126 1006 3176 neget
1039 3121 1126 3170 (vv.
1156 3115 1243 3159 429
1266 3117 1383 3174 sqq).
