2176 3554
410 408 613 451 Solonis
656 412 756 447 sunt
799 419 950 446 versus
997 404 1078 446 153
1122 418 1198 460 sq.,
1241 418 1347 460 quos
1388 405 1423 445 si
1465 404 1785 460 comparaveris
1823 418 1921 445 cum

290 478 664 531 antecedentibus,
696 477 858 533 optime
892 490 963 517 eos
995 474 1051 517 ad
1083 480 1392 531 argumentum
1420 473 1573 517 horum
1595 489 1801 517 versuum
1822 489 1923 531 qua-

291 553 417 594 (hare
451 550 694 606 intelleges.
727 547 813 590 Sed
845 553 1030 589 mutatos
1063 562 1155 588 esse
1187 561 1339 588 versus
1371 545 1425 587 ab
1454 559 1520 601 e0,
1547 546 1650 603 qui
1645 560 1717 606 eos
1739 546 1929 606 iuliane

291 623 591 665 collectionem
624 621 803 676 recepit,
836 611 1158 661 demonstratur
1165 602 1357 659 Aristot.
1388 618 1525 660 πολιτ.
1544 614 1683 674 Ἀθην.
1707 632 1799 673 cap.
1821 616 1922 659 XII.

289 694 432 750 Atque
466 692 641 734 ethica
672 691 782 733 ratio
806 689 1128 746 1nte1polator1s
1150 688 1281 746 plane
1304 688 1582 745 cognoscitur
1605 702 1660 730 ex
1682 688 1922 730 mutatione

190 772 220 820 ᾗ
289 766 417 807 unius
449 763 585 805 verbi.
617 763 727 805 Nam
763 777 860 803 cum
893 761 1009 818 apud
1041 759 1323 803 Aristotelem
1355 760 1521 816 primus
1558 773 1708 800 versus
1746 759 1809 800 sic
1841 763 1922 799 tra-

290 837 405 878 ditus
438 843 522 877 est:

471 929 629 986 ,Τι’κτει
660 927 737 983 γὰρ
771 926 894 983 κόρος
924 921 1048 983 ῧβφιν,
1080 922 1182 969 ὅταν
1214 924 1368 975 πολύς
1400 923 1525 976 ὄλβος
1557 922 1722 980 ἕπηται(

287 1027 331 1067 in
355 1025 579 1067 codicibus
602 1022 732 1074 πολύς
754 1028 967 1065 mutatum
990 1023 1216 1064 invenitur
1240 1022 1284 1064 in
1309 1022 1439 1079 κακῷ.
1472 1019 1613 1073 Quam
1637 1018 1920 1061 mutationem

119 1069 157 1163 it
195 1099 407 1162 ,c'glssnovit
440 1099 523 1139 iam
558 1095 694 1138 Clem.
727 1094 854 1137 Alex.
888 1109 987 1136 eum
1020 1093 1233 1136 scriberet
1265 1093 1419 1136 Strom.
1441 1091 1517 1147 VI,
1543 1092 1581 1146 2,
1604 1091 1629 1133 8
1659 1094 1716 1148 (p.
1742 1089 1924 1142 129D.).

403 1167 627 1217 Σόλωνος
660 1164 704 1209 δὲ
736 1180 992 1221 ποιησαντος

463 1262 610 1317 ,τίκτει
641 1261 731 1317 γὰρ
766 1259 889 1317 κόρος
920 1256 1048 1317 υβριν,
1079 1256 1182 1303 ὅταν
1214 1259 1367 1310 πολὺς
1399 1257 1524 1313 ὄλβος
1556 1258 1763 1316 ἕπηται.““

281 1356 474 1415 ἄντικρυς
507 1356 526 1400 ὃ
560 1358 767 1413 Θέογνις
797 1355 948 1414 γράφει

458 1451 603 1506 ,τίκτει
636 1467 711 1494 τοι
743 1450 864 1507 κόρος
895 1446 1022 1507 ὕβριν,
1054 1445 1158 1494 ὅταν
1189 1451 1326 1507 κακῷ
1359 1446 1483 1502 ὄλβος
1514 1442 1692 1507 ἕπηταῦ..ι

401 1546 531 1589 Unde
577 1547 736 1601 elucet,
782 1546 1057 1600 Clementem
1101 1546 1188 1587 iam
1232 1546 1404 1589 novisse
1449 1551 1638 1587 nostram
1683 1543 1755 1586 vel
1800 1550 1919 1586 certe

280 1619 544 1675 persimilem
584 1618 886 1661 collectionem
925 1617 997 1671 (ef.
1028 1615 1191 1671 Hiller,
1223 1615 1348 1659 Jhrb.
1385 1615 1467 1659 123
1498 1630 1539 1672 Ρ.
1570 1615 1676 1671 469,
1707 1614 1777 1670 37,
1809 1615 1921 1658 Har-

282 1697 407 1745 tung,
445 1696 556 1746 poet.
589 1689 700 1746 eleg.
740 1689 815 1733 Gr.
855 1689 877 1731 I
914 1705 954 1746 p.
992 1689 1079 1742 92).
1117 1686 1245 1741 Quod
1286 1688 1322 1729 si
1362 1693 1529 1730 certum
1569 1692 1649 1741 est,
1688 1687 1820 1729 etiam
1861 1685 1918 1729 ad

280 1762 526 1818 antiquiora
556 1768 751 1818 tempora
782 1760 990 1803 recedere
1024 1760 1140 1814 licet,
1172 1764 1220 1801 ut
1252 1759 1470 1814 originem
1493 1757 1765 1800 collectionis
1790 1772 1919 1815 quae-

281 1848 435 1875 ramus.
479 1833 590 1875 Nam
638 1840 757 1875 reete
807 1831 997 1875 Oobetus
1042 1831 1228 1886 (observ.
1273 1831 1367 1872 crit.
1414 1830 1459 1871 in
1503 1828 1611 1872 Plat.
1650 1843 1757 1872 com.
1794 1828 1918 1886 reliq.

280 1920 318 1960 p.
346 1905 401 1946 68
430 1906 535 1961 sqq.)
569 1905 688 1946 nisus
720 1903 979 1946 Ruhnkenii
1013 1903 1267 1945 coniectura
1299 1899 1417 1954 (hist.
1450 1901 1544 1942 crit.
1577 1900 1744 1943 Orator.
1774 1914 1815 1956 p.
1841 1898 1916 1952 52)

281 1982 322 2017 et
355 1977 542 2017 maxime
569 1975 856 2018 Valckenarii
886 1974 1266 2031 argumentatione
1294 1972 1460 2014 invicta
1485 1971 1630 2025 (diatr.
1651 1970 1706 2013 de
1727 1969 1918 2013 Aristob.

280 2047 373 2089 Iud.
414 2063 453 2104 Ρ.
496 2048 521 2088 9
560 2063 635 2104 sq.,
681 2047 731 2089 11
765 2061 870 2104 sqq.,
912 2047 968 2089 66
1006 2060 1112 2103 sqq.,
1155 2043 1205 2085 71
1248 2044 1324 2100 sq.)
1369 2041 1479 2084 haee
1519 2041 1727 2096 ostendit,
1771 2042 1918 2084 omnia

279 2121 440 2173 (strom.
465 2118 546 2174 VI,
580 2119 720 2179 737—
727 2118 864 2179 752)
865 2134 926 2176 ex
928 2115 1203 2186 Aristobulo
1242 2113 1392 2157 sedulo
1431 2118 1640 2170 excerpta
1677 2127 1783 2156 esse.
1819 2111 1917 2155 Ari-

279 2190 471 2232 stobulus
512 2198 656 2233 autem
697 2205 783 2233 non
822 2192 914 2247 ipse
953 2176 1231 2245 coIIEgerat
1223 2183 1386 2241 omnes,
1420 2199 1525 2243 quos
1557 2185 1682 2228 affert
1714 2185 1829 2229 locos
1859 2199 1915 2228 ex

278 2278 355 2304 sua
394 2270 617 2319 poetaium
660 2270 702 2305 et
740 2263 998 2319 scriptorum
1036 2260 1213 2317 propria
1250 2258 1452 2312 lectione,
1496 2256 1573 2300 sed
1606 2271 1716 2313 quae
1747 2256 1916 2313 priores

280 2333 559 2390 collegerant,
604 2336 666 2376 eis
713 2334 896 2381 liberius
938 2334 1088 2375 utitur.
1131 2329 1204 2387 (cf.
1250 2328 1399 2372 Cobet.
1431 2328 1459 2370 l.
1481 2327 1508 2370 l.
1539 2343 1579 2386 p.
1615 2327 1680 2383 76,
1711 2326 1914 2371 Dindorf.

279 2406 413 2461 praef.
444 2406 500 2447 ad
533 2405 669 2449 Olem.
701 2404 828 2447 Alex.
860 2420 900 2461 p.
932 2403 1000 2457 25,
1032 2403 1249 2458 Bernays,
1287 2399 1388 2443 Ges.
1419 2398 1614 2456 Abhdlg.
1645 2414 1684 2456 p.
1719 2399 1804 2443 126
1834 2399 1913 2456 sp.)

395 2477 574 2519 Praeter
606 2476 720 2518 hanc
752 2477 1037 2519 mutationem
1059 2474 1192 2516 etiam
1214 2471 1302 2514 alia
1323 2469 1516 2513 notanda
1537 2477 1613 2513 est.
1645 2469 1914 2527 Compilator

278 2551 406 2601 enim,
440 2564 536 2591 cum
570 2548 645 2590 hos
676 2564 828 2591 versus
860 2563 916 2590 ex
947 2543 1445 2603 pristina'cohaerentia
1483 2542 1800 2585 sententiarum
1832 2542 1913 2584 eri-

278 2623 456 2677 puisset,
501 2636 577 2679 pro
618 2621 696 2678 γάρ
741 2621 965 2663 substituit
1004 2635 1069 2662 τοι
1109 2619 1154 2660 in
1188 2617 1327 2674 primo
1369 2629 1510 2668 versu,
1560 2620 1608 2656 ut
1648 2613 1910 2655 sententiam

278 2693 514 2748 perfectam
548 2699 590 2735 et
622 2692 859 2735 absolutam
896 2691 1100 2734 efficeret.

419 2763 541 2805 Idem
580 2763 633 2805 de
672 2763 872 2805 omnibus
910 2762 1002 2805 fere
1035 2759 1235 2803 versibus
1268 2757 1447 2801 aliunde
1482 2757 1657 2799 insertis
1688 2754 1911 2797 observaii

277 2840 425 2890 potest.
468 2834 611 2891 Atque
649 2836 839 2876 maxime
872 2833 1049 2890 quidem
1081 2830 1242 2873 multus
1274 2830 1402 2872 huius
1440 2826 1682 2885 particulae
1714 2841 1778 2868 τοι
1809 2839 1910 2867 usus

278 2906 322 2946 in
356 2905 612 2948 collectione
644 2904 932 2961 Theognidea
963 2902 1157 2946 offendit.

418 2977 487 3019 Ex
519 2976 703 3018 Solone
736 2975 898 3018 deinde
931 2975 1056 3031 petiti
1089 2979 1190 3016 sunt
1220 2987 1289 3014 vv.
1316 2970 1561 3024 227—232,
1593 2982 1697 3026 quos
1730 2968 1766 3009 si
1798 2980 1909 3009 eom-

275 3047 497 3101 paraveris
540 3061 638 3088 cum
684 3045 767 3088 Sol.
799 3045 880 3102 frg.
922 3043 990 3099 13,
1031 3043 1223 3097 71—76,
1265 3041 1383 3084 idem
1409 3039 1629 3084 ‘mutandi
1676 3037 1907 3081 consilium

276 3115 405 3158 facile
438 3130 658 3172 agnosces.
