2176 3554
930 309 1222 351 ...9-.·

364 418 417 463 In
449 419 515 462 eis
545 419 735 462 maxime
768 418 943 476 scriptis
973 417 1045 462 vel
1076 415 1348 461 orationibus
1372 419 1599 475 poetarum
1621 413 1884 457 testimoniis

243 488 514 561 nitebantur,
531 500 644 548 quae
665 487 873 532 moralem
897 488 1144 533 tractabant
1163 486 1466 547 philosophiae
1486 491 1669 544 partem.
1688 484 1742 530 Id
1764 485 1883 529 enim

184 565 188 568 ’
244 554 437 606 maxime
469 574 542 603 eos
573 559 869 616 contendisse,
902 575 958 604 ex
987 559 1171 605 Platone
1202 556 1504 618 colligendum
1535 563 1618 612 est,
1655 563 1705 600 ut
1734 571 1781 600 sc
1812 569 1884 614 op·

244 633 373 676 timos
409 646 503 676 esse
541 631 740 676 doctores
775 633 952 676 virtutis
987 630 1284 676 ostenderent.
1322 629 1391 674 Ae
1427 633 1770 673 consentaneum
1807 635 1883 682 est,

245 717 331 760 eos,
361 718 460 747 cum
493 702 731 747 moralibus
763 705 809 747 in
845 702 1175 763 quaestionibus
1210 708 1436 762 poetarum
1474 700 1726 744 testimonia
1762 699 1884 743 affer·

244 781 357 831 rent,
386 774 588 833 plurimis
618 789 778 834 magno
809 789 941 833 opere
974 776 1242 833 imposuisse.

364 846 553 891 Morales
584 848 701 890 enim
735 848 1012 905 quaestiones
1042 848 1204 905 quippe
1243 844 1399 890 faciles
1435 844 1492 888 ad
1530 842 1881 901 intellegendum

244 918 362 977 apud
402 917 610 977 populum
653 932 827 976 semper
863 919 1054 962 maxime
1094 918 1258 962 valent.
1298 917 1363 961 Eo
1405 915 1695 975 perniciosior
1736 921 1880 959 auten·

244 988 404 1048 populo
442 997 509 1033 est
543 988 654 1033 falsa
690 1004 858 1033 morum
896 991 1143 1034 auctoritas.
1182 988 1293 1033 Cum
1331 1002 1436 1032 vero
1473 1003 1501 1031 a
1535 986 1742 1045 sophistis
1770 987 1884 1044 peri-

4 1051 38 1095 ³}
125 1119 133 1125 .
243 1060 392 1118 culum
418 1061 651 1104 imminere
679 1059 828 1118 populi
852 1068 896 1104 et
916 1060 1190 1118 reipublicae
1213 1060 1342 1104 saluti
1365 1058 1489 1103 Plato
1508 1058 1694 1111 videret,
1716 1073 1883 1102 summa

242 1131 484 1177 acerbitate
534 1147 606 1175 eos
656 1131 1001 1189 aggrediebatur
1051 1131 1424 1190 impugnabatque
1473 1145 1621 1174 eorum
1668 1129 1881 1173 rationem

243 1202 446 1248 docendi.

3 941 18 958 ἃ

5 971 17 988 ²1

20 1067 26 1074 V

5 1107 31 1118 ,.-,

6 1159 29 1174 ἐ

5 1178 30 1196 :05
42 1194 49 1202 ἢ
63 1200 66 1204 Ὗ

6 1283 32 1333 ἒ(

8 1331 32 1362 ‘lje
62 1344 66 1349 >

9 1368 30 1399 251

246 1346 367 1391 Plato
407 1347 540 1389 nimis
576 1361 729 1390 severe
770 1346 826 1389 de
867 1348 1007 1405 poetis
1045 1362 1102 1390 ne
1133 1347 1308 1404 optimis
1352 1352 1396 1389 et
1426 1346 1665 1389 notissimis
1703 1343 1882 1403 quidem

362 1274 481 1318 Huic
518 1288 689 1333 quoque
728 1274 925 1318 invidiae
968 1283 1011 1319 et
1049 1274 1149 1318 odio
1186 1274 1470 1319 tribuendum
1515 1280 1597 1330 est,
1633 1273 1748 1332 quod
1789 1274 1882 1331 ipse
1955 1306 1959 1312 .

245 1419 444 1476 exceptis
465 1417 664 1461 iudicare
686 1417 812 1461 nobis
832 1418 1021 1461 videtur.
1052 1417 1229 1476 Ubique
1252 1418 1370 1462 enim
1391 1416 1711 1476 praetexebant
1735 1421 1884 1475 poetas
1942 1416 1950 1430 ¹

245 1489 482 1548 sophistae,
518 1489 777 1548 Protagoras
814 1492 908 1548 ipse
950 1496 1098 1548 poetas
1135 1489 1250 1533 nihil
1289 1490 1375 1550 nisi
1414 1488 1628 1548 sophistas
1666 1503 1759 1532 esse
1790 1501 1885 1545 pro-

248 1561 452 1606 nuntiare
484 1560 687 1616 audebat,
719 1562 866 1619 itaque
896 1560 1021 1605 Plato
1052 1576 1178 1604 suum
1218 1576 1311 1604 esse
1351 1559 1631 1604 existimabat
1662 1558 1885 1617 detegere,

246 1646 359 1692 quae
388 1647 494 1676 vera
521 1640 640 1676 esset
670 1634 739 1676 vis
772 1640 814 1676 et
846 1639 1003 1676 natura
1032 1646 1222 1691 poeseos,
1253 1647 1338 1691 quo
1370 1631 1416 1676 id
1448 1632 1684 1689 praecipue
1710 1630 1885 1675 demon-

247 1710 422 1759 araret,
463 1705 614 1762 poesin
661 1718 746 1747 non
792 1719 886 1748 esse
930 1703 1246 1757 adhibendam,
1293 1703 1369 1746 ubi
1421 1709 1627 1759 ageretur
1675 1702 1731 1745 de
1779 1716 1886 1745 vera

245 1776 433 1820 scientia
454 1775 778 1833 investiganda.
803 1776 915 1819 Nam
938 1775 1066 1820 docet
1091 1783 1240 1835 poetas
1268 1778 1383 1834 ipsos
1410 1790 1495 1818 non
1518 1775 1660 1832 magis
1681 1773 1885 1831 sophistis

247 1846 447 1891 altiorem
492 1846 655 1890 habere
702 1849 999 1905 cognitionem
1044 1863 1212 1902 eorum,
1251 1862 1362 1905 quae
1404 1845 1605 1890 versibus
1646 1845 1883 1904 proferant,

246 1917 325 1963 sed
354 1918 510 1962 divina
540 1918 728 1977 quadam
749 1921 800 1962 vi‘
818 1920 1023 1978 inspirari
1046 1919 1103 1963 ad
1129 1921 1324 1963 carmina
1351 1918 1524 1963 edenda
1555 1917 1627 1972 (cf.
1647 1915 1885 1971 Prot-316,
1947 1937 1955 1950 ¹·
2015 1930 2020 1937 ’
2077 1930 2085 1940 ·

247 1988 374 2049 Apol.
405 1989 501 2045 22⁵,
533 1990 651 2034 Meu.
682 1990 739 2034 99
753 1990 789 2046 ⁶,
820 1990 1007 2035 Phaedr.
1039 1990 1137 2046 245,
1169 1991 1308 2049 Legg.
1341 1990 1463 2045 719⁶,
1493 1988 1560 2033 Jo.
1593 1996 1637 2033 et
1665 2004 1723 2032 m.
1752 1990 1819 2042 ι).

366 2061 519 2121 Itaque
564 2069 730 2117 monet,
772 2062 1056 2106 omittendam
1104 2078 1198 2106 esse
1235 2063 1405 2120 poesin,
1449 2076 1549 2105 cum
1591 2061 1702 2104 ratio
1746 2066 1884 2118 cogat,

246 2133 363 2192 quod
393 2141 520 2178 vetus
552 2141 695 2179 exstet
725 2136 844 2179 inter
874 2136 1025 2193 poesin
1059 2142 1102 2178 et
1133 2133 1452 2192 philosophiam
1475 2132 1700 2188 dissensio,
1722 2133 1758 2176 si
1780 2145 1886 2175 vero

246 2203 362 2249 nihil
393 2206 479 2250 nisi
511 2206 712 2266 voluptas
741 2214 995 2266 quaeratur,
1028 2209 1239 2265 optimum
1274 2221 1366 2249 esse
1399 2204 1700 2249 adiumentum
1733 2203 1883 2262 poesin

245 2274 323 2334 (of.
350 2276 459 2336 Rep.
490 2277 547 2333 ΙΙ,
578 2278 817 2333 377-ῙΠ,
850 2278 949 2333 396,
982 2278 1036 2331 Χ,
1069 2277 1333 2334 sos-608).

365 2348 481 2393 Eum
521 2350 650 2394 modo
685 2352 858 2409 poetam
890 2350 1044 2409 probat
1080 2347 1130 2401 ὃς
1161 2347 1367 2406 ὠφελείας
1403 2348 1526 2393 ἕνεκα
1561 2345 1662 2405 ἡμῖν
1699 2346 1775 2404 τήν
1812 2349 1884 2390 τεῦ

249 2416 456 2473 ἰπιιικοῦς
476 2419 587 2473 λέξιν
607 2423 775 2479 μνμοῖτε
796 2419 871 2466 καὶ
897 2420 953 2466 τοὶ
981 2420 1185 2478 λεγόμενα
1212 2420 1325 2477 λέγει
1353 2419 1394 2465 ἐν
1421 2418 1592 2471 ἐκείνοις
1614 2421 1703 2471 τοῖς
1729 2416 1884 2474 τόποις,

249 2481 314 2545 οἷς
333 2490 432 2536 κατ’
452 2491 591 2551 ἀρχὰς
618 2492 1025 2552 ἐνομοὲετησσίμεὲα
1034 2493 1059 2536 ⁸.
1092 2494 1354 2550 Μιμητικαῐς
1381 2491 1550 2548 τέχναις
1580 2490 1704 2535 Plato
1732 2496 1885 2548 poetae

249 2568 389 2607 artem
429 2563 691 2610 adnumerat
732 2566 836 2609 item
874 2581 925 2609 ac
962 2566 1159 2623 pictoris,
1197 2579 1308 2623 quae
1346 2579 1433 2607 nou
1472 2564 1703 2607 veritatem
1749 2563 1884 2620 ipsam

251 2633 504 2692 exhibeant,
535 2636 612 2681 sed
644 2639 836 2696 speciem
869 2636 1003 2681 solam
1035 2638 1246 2681 veritatis.

370 2706 431 2751 Ut
461 2716 607 2752 autem
639 2711 781 2754 omnis
812 2725 894 2765 ars,
925 2711 988 2753 sic
1022 2710 1139 2753 enim
1173 2707 1300 2751 docet
1325 2707 1460 2763 Plato,
1482 2716 1572 2751 tum
1596 2706 1772 2750 demum
1793 2719 1888 2764 per·

252 2777 368 2822 fecta
409 2787 492 2835 cst,
529 2796 628 2824 cum
670 2782 764 2825 eius
806 2788 1004 2825 naturam
1048 2789 1091 2825 et
1133 2779 1325 2823 indolem
1368 2778 1654 2837 cognovimus
1696 2778 1789 2821 sive
1833 2777 1887 2820 ad

252 2863 408 2908 corpus
438 2852 532 2896 sive
564 2852 621 2896 ad
653 2854 847 2896 animum
874 2859 1052 2911 spectat,
1083 2853 1141 2895 ita
1171 2851 1301 2895 etiam
1333 2851 1377 2894 in
1406 2849 1559 2894 morali
1588 2848 1888 2908 philosophiae

251 2927 375 2979 parte
397 2929 489 2967 tum
511 2923 686 2968 demum
711 2933 829 2968 reete
854 2926 1059 2968 virtutem
1085 2938 1292 2967 exercere
1316 2937 1551 2981 possumus,
1574 2937 1671 2965 cum
1697 2919 1888 2964 indolem

257 3145 290 3181 Β.
347 3090 423 3126 adn.
445 3091 474 3124 3
502 3091 543 3126 ef.
571 3095 614 3126 et.
643 3091 741 3126 isaer
771 3091 909 3127 Panath.
936 3092 1049 3134 33’34,
1078 3093 1245 3126 auctorem
1272 3087 1463 3130 &exitam-o
1491 3089 1579 3125 uult.
1607 3090 1629 3133 1,
1649 3099 1678 3133 p
1707 3090 1772 3124 ’4
1801 3088 1890 3122 διαλ.

315 3154 343 3181 ι.
370 3147 393 3182 r.
