2176 3554
896 344 953 349 ,-.
1015 319 1073 360 60
1136 343 1187 348 .-

346 425 417 468 Ad
449 440 552 482 quos
585 425 789 468 949—54
823 439 992 481 quoque
1020 424 1258 480 adiungam
1283 430 1326 467 et
1347 424 1592 480 955-970‚
1616 426 1691 468 ubi
1714 427 1860 483 agitur

229 498 283 540 dc
311 497 496 553 ingratis
530 496 752 538 hominum
787 496 957 538 animis.
999 494 1202 538 Solonem
1237 496 1353 537 enim
1387 511 1485 538 cum
1518 511 1717 539 cessurus
1750 505 1863 541 esset

231 585 285 611 ex
316 569 468 625 patria,
502 567 662 609 talibus
695 566 916 610 doloribus
949 568 1152 610 affectum
1185 567 1332 622 fuisse,
1365 583 1420 610 ex
1448 569 1687 611 mutatione
1715 584 1861 612 rerum

230 639 503 696 publicarum
539 638 875 681 Atheniensium
911 637 1060 694 colligi
1092 638 1282 695 potest³¹.

349 709 590 766 chuentcs
630 724 781 751 versus
821 723 955 765 usque
995 709 1051 751 ad
1090 709 1175 751 992
1212 724 1386 766 prorsus
1423 710 1639 767 praebent
1671 710 1861 753 indolem

232 782 484 834 carminum,
509 779 655 836 qualia
677 780 732 822 ad
754 780 1020 835 potationem
1047 780 1331 823 canebantur.
1363 796 1403 822 v,
1426 781 1629 823 989—92
1658 782 1703 823 in
1727 797 1861 824 unum

232 851 527 908 coniungendi
563 857 682 906 sunt,
720 851 904 893 eandem
938 853 1191 908 exprimunt
1228 853 1510 909 sententiam,
1552 851 1783 895 iocandum
1823 858 1866 894 et

192 968 197 973 5
230 922 470 965 bibendum
503 922 626 964 nobis
659 938 763 976 csse,
796 922 900 965 dum
934 923 1115 965 iuvenes
1148 924 1293 966 simus.

350 994 478 1035 Nunc
512 993 622 1035 alius
654 994 939 1049 symposiasta
972 1009 1130 1036 canere
1165 995 1322 1051 incipit
1355 1001 1397 1037 et
1428 993 1700 1037 Academum
1732 1009 1863 1051 quen-

233 1065 331 1107 dam
364 1065 418 1107 ad
453 1071 675 1107 certamen
706 1071 834 1106 vocat
866 1064 937 1118 (cf.
969 1081 1008 1107 v.
1041 1065 1161 1120 995).

351 1136 673 1192 Argumentum
706 1137 958 1178 certaminis
990 1138 1248 1193 proponitur
1278 1153 1318 1179 v.
1352 1138 1460 1180 995:
1493 1137 1671 1192 σοφίης
1694 1137 1796 1193 πέρι,
1819 1143 1866 1196 ut

234 1206 455 1249 simillime
500 1208 725 1249 invenitur
770 1208 816 1249 in
862 1207 971 1250 Plat.
1017 1222 1139 1250 conv.
1187 1207 1295 1250 1750
1331 1206 1564 1265 ἶὙβριστὴς
1607 1205 1656 1264 εἶ,
1698 1207 1791 1265 ἔφη,
1834 1225 1864 1252 ω

236 1278 471 1335 Σώκρατες,
507 1276 525 1322 ὃ
555 1277 757 1333 Ἀγαὲὥν,
791 1278 864 1322 καὶ
896 1281 1032 1322 ταῦτα
1064 1277 1138 1336 μὲν
1170 1279 1242 1323 καὶ
1275 1278 1411 1335 ὀλίγον
1442 1275 1614 1337 ὕστερον
1646 1275 1867 1323 διαδικα-

234 1349 429 1406 σόμεξῖα
461 1348 540 1405 ἐγώ
572 1366 618 1392 τε
651 1349 723 1393 καὶ
754 1349 809 1392 σὺ
842 1349 947 1407 περὶ
987 1352 1076 1407 τῆς
1115 1350 1320 1407 σοφίας,
1361 1353 1542 1407 δικαστῇ
1575 1350 1777 1407 χρώμενοι
1809 1353 1866 1408 τῷ

237 1419 423 1479 Διονύσῳ.
446 1421 514 1474 (cf.
540 1421 661 1463 aliud
683 1427 991 1477 argumentum
1019 1436 1142 1464 conv.
1162 1422 1298 1464 214122
1322 1420 1446 1479 ,ἡμῖν,
1471 1421 1561 1478 πρίν
1583 1437 1628 1464 σε
1650 1421 1867 1474 εἰσελθεῖν,

237 1491 350 1543 ἔδοξε
371 1494 520 1549 χρῆναι
543 1491 609 1535 ἐπὶ
635 1490 749 1543 δεξιοὶ
771 1492 950 1535 ἕκαστον
977 1491 1018 1536 ἐν
1047 1493 1160 1549 μέρει
1188 1493 1309 1549 λόγον
1331 1492 1439 1550 περὶ
1467 1491 1686 1550 ’Ἑρωτος
1713 1491 1869 1547 εἰπεῖν).

238 1565 311 1618 (cf.
345 1571 398 1606 et.
430 1564 544 1606 Xen.
578 1578 701 1606 conv.
732 1564 811 1616 III,
845 1564 899 1617 3.)

355 1635 603 1678 Praemium
636 1636 889 1678 certaminis
922 1636 1173 1679 ioculariter
1205 1638 1460 1693 proponitur
1493 1638 1592 1687 παῖς
1624 1635 1768 1687 καλός.
1805 1635 1872 1679 Ac

239 1722 357 1749 nunc
389 1707 493 1750 inde
526 1723 550 1749 a
581 1723 621 1749 v.
643 1707 727 1750 997
756 1715 1061 1763 argumentum
1088 1710 1354 1765 propositum
1382 1707 1532 1766 σοφίης
1553 1714 1873 1766 persequuntur

240 1778 420 1820 alternis
451 1778 637 1833 vicibus,
671 1780 731 1822 ita
763 1786 810 1822 ut
842 1779 953 1822 alter
986 1779 1205 1835 hilariora,
1236 1780 1346 1823 alter
1368 1782 1589 1824 severiora
1613 1786 1874 1837 argumenta

240 1855 478 1906 pertractet
491 1849 530 1891 ³².

358 1919 612 1963 Athenaeus
645 1921 731 1962 iam
765 1922 888 1963 novit
919 1921 995 1964 hos
1028 1937 1179 1964 versus
1217 1937 1268 1964 ac
1307 1923 1459 1966 eodem
1498 1923 1675 1979 quidem
1714 1939 1765 1965 ac
1796 1938 1874 1965 nos

242 1990 395 2033 ordine
428 1991 551 2047 legit,
582 1998 629 2033 ut
660 1991 848 2045 videtur,
881 2007 982 2034 nam
1016 1992 1169 2035 eodem
1202 1992 1294 2035 loco
1328 2000 1371 2036 et
1397 1993 1630 2036 993-996
1660 2000 1703 2036 et
1729 1994 1872 2037 997-

248 2063 358 2105 1002
391 2064 495 2105 citat
527 2063 598 2116 (ef.
622 2062 874 2117 V11‚310b)
909 2069 951 2105 et
985 2079 1083 2106 cum
1114 2066 1330 2121 genuinos
1363 2065 1438 2107 hos
1465 2081 1616 2108 versus
1642 2066 1875 2120 existimet,

243 2134 547 2189 Theognidem
579 2141 754 2176 accusat
784 2132 1050 2192 ἠδυπαῇείας
1083 2142 1126 2178 et
1157 2136 1470 2193 παιδεραστίας.

363 2204 585 2247 Habemus
618 2205 685 2248 his
718 2207 763 2248 in
796 2206 995 2249 versibus
1027 2213 1233 2264 tanquam
1266 2205 1477 2264 σύγκρισιν
1508 2206 1664 2265 ἀρετῆς
1691 2206 1876 2264 (σοφίης)

245 2284 287 2319 et
318 2274 469 2333 ἡδονῆς
491 2276 718 2330 (πλούτου).
750 2277 914 2334 Incipit
936 2277 1140 2320 defensor
1161 2276 1316 2335 ἡδονῆς
1339 2294 1364 2321 a
1385 2278 1585 2322 versibus
1613 2279 1876 2322 997-1002

244 2354 362 2391 recte
401 2347 631 2403 explicatis
662 2347 716 2390 ab
750 2348 799 2390 O.
832 2347 1056 2405 Cruegero
1095 2349 1120 2391 l.
1158 2349 1184 2392 l.
1216 2365 1255 2406 p.
1292 2350 1356 2392 71.
1396 2350 1468 2392 Ad
1506 2366 1611 2407 quos
1642 2349 1877 2407 respondet

247 2420 373 2473 alter,
415 2419 618 2461 defensor
658 2418 815 2477 ἀρετῆς
848 2427 890 2462 et
928 2421 1094 2478 σοφίης,
1135 2421 1335 2464 versibus
1373 2422 1555 2479 Tyrtaei
1595 2424 1656 2464 ita
1688 2423 1876 2476 mutatis,

247 2499 294 2534 ut
335 2491 596 2547 adaptentur
638 2491 819 2533 consilio
864 2493 1080 2548 proposito
1123 2494 1168 2549 in
1210 2509 1249 2534 v.
1282 2493 1379 2535 995.
1419 2493 1470 2535 In
1513 2494 1722 2549 genuinis
1761 2494 1875 2535 enim

248 2562 446 2605 versibus
484 2563 663 2619 Tyrtaei
704 2578 789 2605 non
830 2565 1056 2606 invenitur
1093 2563 1232 2620 ἀνδρὶ
1269 2566 1400 2622 σοφῷ
1433 2564 1510 2607 sed
1541 2563 1656 2621 ἀνδρὶ
1687 2564 1773 2622 νέῳ
1805 2564 1878 2620 (cf.

249 2634 330 2690 frg.
376 2635 445 2688 12,
483 2634 736 2689 13-1613)·,
779 2635 893 2692 quod
934 2635 1068 2677 multo
1111 2635 1266 2677 melius
1306 2637 1351 2677 in
1393 2636 1663 2678 fortitudinis
1704 2636 1878 2678 laudem

249 2705 443 2761 quadrat.
474 2706 725 2762 Respondet
757 2706 867 2749 alter
899 2706 1097 2749 versibus
1129 2707 1419 2750 1007—1012
1447 2709 1675 2764 excipiens
1702 2723 1741 2749 v.
1767 2707 1877 2750 1007

250 2776 428 2818 alterius
450 2774 562 2826 ξυνὸν
591 2776 646 2819 δέ.
676 2775 906 2819 Contraria
935 2779 1241 2833 exprimuntur
1269 2778 1468 2821 versibus
1500 2779 1801 2832 1013—1016‚
1825 2778 1880 2820 ad

250 2863 353 2904 quos
376 2847 485 2890 alter
506 2848 739 2904 respondet
765 2848 965 2891 versibus
997 2850 1305 2906 1017—1026,
1333 2852 1405 2907 qui
1438 2850 1737 2906 coniungendi
1769 2856 1880 2892 sunt.

369 2920 420 2960 ef.
456 2919 588 2961 1015:
622 2919 711 2975 πρίν
744 2918 1013 2976 τ’ἐχῇροὺς
1046 2910 1231 2990 τὲτῇξαι
1264 2937 1361 2964 cum
1395 2924 1642 2989 πτοιρμαι
1674 2923 1730 2974 (v.
1753 2919 1881 2975 1018)
1925 2932 2059 2992 acmo
2084 2917 2176 2966 aaa

369 3089 442 3121 adn.
471 3088 525 3121 31.
554 3098 579 3121 v.
602 3091 761 3122 959-62
791 3089 1006 3123 Callimachus
1033 3090 1178 3124 imitatus
1205 3099 1280 3123 esse
1307 3090 1436 3124 videtur
1462 3091 1494 3123 in
1521 3090 1623 3131 epigr.
1645 3088 1749 3132 XXX,
1776 3089 1879 3122 3-4,

373 3145 447 3178 adn.
475 3146 528 3178 3‘2.
556 3154 585 3179 v.
613 3147 679 3178 996
707 3146 758 3179 est
784 3146 921 3180 imitatio
947 3155 1064 3180 versus
1090 3147 1204 3181 Ananii
1232 3147 1455 3189 iambographi
1482 3147 1522 3179 cf.
1550 3146 1610 3187 frg.
1640 3149 1671 3187 3,
1698 3147 1716 3179 3
1747 3145 1802 3185 (B).

941 3258 959 3291 δ

265 3285 355 3350 M?
384 3309 448 3348 ,Η
487 3287 635 3350 76:45(
667 3271 866 3371 ἦρχ’,
911 3276 981 3381 {jis
1024 3281 1072 3332 A.
1114 3296 1291 3367 tamisis,
1327 3324 1335 3332 =
1380 3282 1511 3346 [013
1538 3329 1585 3337 -
1615 3267 1715 3388 )έ)“
1756 3280 1948 3372 Ml'J-
1987 3282 2088 3338 w

279 3491 284 3496 Α
419 3469 429 3494 Ι
631 3467 646 3482 ⁹
